2878 4750
262 341 326 441 ue
372 393 374 402 1

259 551 338 614 tum.
383 539 420 626 -1,
448 539 523 608 668.
570 537 679 620 (Quae
700 517 749 604 ‘de
780 535 941 604 hocloco
963 535 1315 602 incontrariemsen.
1421 547 1422 604 ;

259 648 394 716 tentiam
422 643 560 727 scripsit
587 641 744 728 Heynius
766 642 851 724 „dns
872 638 1056 714 vermeinte
1076 636 1239 702 'Grabmel
1259 639 1316 703 des

195 749 198 758 ¹
257 741 409 815 Homer“
439 765 513 830 pag.
544 747 603 825 tl,
633 765 673 809 ec
700 751 838 829 apparet
857 763 918 829 per
938 741 1047 820 iocum
1070 739 1199 825 scripta
1220 747 1315 819 esse).
1421 749 1422 802 l

258 853 447 919 Secundum
477 845 711 930 Pherecydem
737 846 914 932 Polydoro
941 841 1085 908 Achillis
1118 860 1220 910 soror
1249 849 1318 922 θείς
1421 859 1422 878 ³

259 955 321 1019 sed
342 955 415 1038 {hoc
443 951 591 1023 voluerit
621 947 791 1015 Homerus
811 951 855 1024 Π,
879 947 940 1012 175
963 948 1054 1007 certe
1076 939 1242 1008 affirmari
1263 963 1318 1008 ne.

256 1060 348 1142 qnit3
377 1059 541 1127 incertum
572 1063 659 1127 enim
688 1060 814 1128 Peleus
836 1051 894 1115 hic
920 1048 1215 1114 commemoratus
1226 1044 1313 1124 idern

255 1181 331 1224 cum
363 1161 508 1229 Achillis
539 1169 635 1249 patre
656 1164 717 1235 sit,
750 1178 793 1222 an
820 1154 906 1219 alins
927 1149 968 1212 ab
997 1146 1077 1222 illo,
1110 1147 1200 1209 sicut
1219 1148 1315 1212 multi
1399 1229 1404 1239 Κ

252 1270 333 1326 sunt
360 1263 450 1347 apud
477 1266 659 1332 Homerum
688 1261 803 1330 eodem
828 1253 960 1320 nomine
983 1247 1118 1312 diversi.
1172 1246 1252 1312 Sch.
1273 1251 1316 1326 11,

241 1367 326 1429 .175.
382 1364 541 1430 Arme
510 1388 583 1431 enus
605 1388 626 1432 n
646 1367 800 1431 Vulcano
822 1358 914 1422 sacta
934 1348 1114 1420 secundum
1136 1346 1316 1414 Homerum

255 1463 513 1532 invulnerabilia
544 1473 606 1544 to,
619 1471 691 1534 165.
726 1467 799 1532 594.
850 1459 979 1522 Versus
1015 1453 1050 1525 Y,
1079 1449 1142 1513 266
1172 1470 1246 1514 cum
1266 1471 1315 1516 se·
1422 1464 1423 1483 ¹

230 1564 432 1650 'quentibus
460 1571 587 1652 spurii,
619 1569 691 1638 soh.
720 1567 754 1632 h
783 1565 805 1627 l
833 1562 875 1626 cl.
905 1557 946 1620 od
973 1555 1045 1619 265.
1096 1549 1313 1617 Recentiore³

173 1727 175 1731 .
255 1667 404 1756 tingunt
406 1661 551 1735 'Achillis
572 1673 683 1736 necati
703 1687 825 1751 corpus
853 1661 895 1726 ab
917 1653 1021 1724 Aiace
1043 1672 1085 1720 ex
1106 1653 1236 1735 proelio
1257 1653 1313 1720 ab·

254 1771 358 1835 latum
388 1792 459 1837 esse
487 1772 588 1837 Ulixe
616 1779 757 1856 tegente
809 1766 909 1844 Quod
936 1763 987 1825 illi
1014 1759 1185 1823 finxerunt
1206 1755 1315 1822 adsi

253 1871 475 1938 militudinem
512 1855 631 1938 Iliadis
666 1875 703 1948 P,
732 1872 806 1937 719.
837 1870 1003 1936 Homerus
1036 1869 1065 1930 si
1097 1860 1140 1923 de
1170 1855 1315 1926 Achillis

201 2051 209 2056 .
254 1973 358 2036 caede
388 1975 567 2039 cecinisset
595 1975 656 2038 vix
683 1975 734 2038 ite
766 1971 965 2034 instituisset
993 1969 1029 2048 (l
1052 1969 1075 2032 l.
1097 1963 1278 2057 ηδιπίιῆ
1264 1964 1317 2032 σ’τι

253 2066 405 2138 ἐντεῦ6εν
438 2077 507 2150 τοῖς
538 2073 708 2162 νεωτέροις
742 2067 761 2138 ὃ
793 2064 1034 2154 βασταζόμενος
1061 2062 1275 2152 'Axdlcvg‘
1258 2059 1313 2135 vrs'
1422 2143 1423 2170 ρ

188 2187 193 2192 ’
253 2167 418 2252 Αἴαντος,
457 2168 691 2262 ὑπερασπίζων
731 2170 770 2240 δὲ
801 2166 972 2248 Ὀδυσσεὺς
1003 2173 1186 2259 παρῆκται·
1219 2165 1248 2236 e’
1279 2168 1315 2238 di
1422 2181 1423 2266 l

246 2267 391 2361 Ὅμηρος
422 2271 542 2363 ἔγραφε
573 2275 630 2341 τὸν
645 2269 819 2356 Ἀχιλλέως
845 2267 1007 2350 6οίνατον,
1038 2267 1098 2338 οὐκ
1119 2265 1160 2338 tte
1179 2268 1316 2358 e'rcot'pot

251 2372 310 2438 τὸν
337 2373 459 2464 νεκρὸν,
477 2371 534 2443 ὑπ’
564 2372 714 2454 Αἴαντος
732 2369 989 2460 βασταζόμενον,
1020 2369 1065 2452 ὡς
1086 2370 1118 2440 oi
1138 2368 1315 2461 νεώτεροι).

152 2563 156 2570 ‚
193 2509 195 2514 ·
254 2475 319 2543 Od
341 2483 377 2554 6,
400 2481 442 2546 75
456 2481 596 2544 obscure
613 2482 764 2544 innuitur
777 2478 889 2542 fabula
906 2476 948 2540 de
962 2478 1176 2542 contentione
1190 2476 1315 2540 Ulixen

118 2587 135 2616 ⁴
252 2583 343 2644 inter
364 2586 398 2645 et
419 2579 586 2646 Achillem
607 2583 696 2647 inter
717 2581 830 2665 epulas
847 2585 973 2642 excunte
1015 2578 1069 2642 Ad
1084 2577 1315 2658 Homeri-sen

252 2701 325 2746 snm
346 2683 545 2748 eliciendum
573 2686 703 2767 putavit
722 2679 851 2764 aliquid
872 2678 992 2762 profici
1015 2671 1111 2776 posse
1140 2699 1182 2744 ex
1209 2678 1252 2742 ll.
1283 2677 1315 2753 1,

121 2860 125 2870 Ι
251 2785 326 2862 24⁷,
359 2785 415 2849 nbi
447 2785 531 2851 haec
563 2790 681 2849 notata
710 2783 885 2847 habemus·
919 2763 1071 2865 ἡδιπλῆ
1099 2777 1185 2868 πρὸς
1211 2775 1250 2843 τὸ
1278 2776 1321 2858 ἐν,

249 2875 420 2972 Ὀδυσσεία
438 2879 636 2971 ζητούμενον
654 2889 760 2962 νεῖκος
776 2877 954 2968 Ὀδυσσῆος
974 2905 1029 2947 και
1021 2877 1220 3005 ῌρλείδεω
1228 2875 1314 2962 Ἀχι-

252 2979 390 3060 λνος.θ
377 2981 429 3049 σ’τι
456 2983 609 3075 ἐμφαίνει
634 2985 690 3053 καί
711 2989 766 3052 νῦν
788 2977 932 3104 ἀναιρῶν
951 2980 1009 3068 τὴν
1029 2975 1227 3102 επιχείρρριν
1248 2983 1313 3046 τῶν

253 3081 331 3170 περὶ
355 3077 537 3164 Ὀδυσσέως
563 3081 719 3174 λεγόντων
744 3079 849 3174 donli]
877 3081 984 3149 καί.
966 3077 1051 3170 λόγῳ
1073 3078 1317 3170 αἱρεθησεσθαι

251 3181 308 3269 τὴν
336 3179 464 3250 πόλιν·
471 3212 527 3252 νυν
546 3187 608 3275 γὰρ
641 3180 710 3254 οἷον
732 3179 957 3275 ίπισαρκοίζιον
977 3183 1064 3272 λέγει
1085 3188 1130 3261 (v.
1154 3185 1311 3250 Nitzsch.

233 3285 274 3348 l.
297 3287 344 3365 l.).
361 3295 409 3334 '-
432 3288 531 3364 Quod
551 3290 681 3372 legitor·
697 3293 735 3365 T,
757 3292 799 3356 45
820 3283 840 3375 ἡ
863 3287 964 3372 διπλῆ
985 3283 1037 3352 ὅτι
1057 3288 1114 3372 τῆς
1135 3277 1312 3352 ὖπόἺλιον

250 3389 405 3472 στρατιᾶς
426 3383 533 3474 ἡγεῖτο
554 3384 573 3454 ἁ
591 3384 752 3470 Ἀχιλλεὺς
771 3387 827 3452 καί
847 3385 913 3474 πρὸ
935 3390 993 3455 τοῦ
1013 3389 1155 3475 μηνῖσαι,
1179 3384 1231 3452 διὸ
1253 3385 1312 3452 νῦν

250 3481 353 3554 πάλιν
374 3483 645 3556 ἀποκαθίσταται
665 3484 685 3575 ἡ
708 3481 864 3574 ἡγεμονία
885 3511 947 3555 nec
968 3493 1051 3555 satis
1073 3489 1225 3572 intelligo
1247 3508 1315 3554 nec

249 3609 391 3671 quorsus
422 3595 587 3676 pertinent
617 3593 705 3656 scio:
739 3592 800 3656 sed
831 3593 962 3657 videtur
989 3593 1159 3676 pertinere
1190 3589 1232 3682 nd
1257 3590 1310 3669 A,
1421 3659 1424 3686 1

212 3715 216 3728 ’
248 3692 302 3769 54,
325 3694 381 3756 ubi
404 3694 620 3780 physicorum
642 3695 771 3758 somnia
800 3693 1009 3778 explodenda
1031 3679 1142 3758 erunt.¹
1164 3682 1306 3756 cssssch.

145 3820 148 3830 ¹
248 3789 310 3854 BL
341 3795 384 3856 nd
410 3795 457 3872 A,
488 3799 540 3876 54,
570 3797 632 3874 ubi
658 3797 715 3880 τῆς
735 3786 917 3868 ὖπὸἼλιον
937 3796 991 3859 vel
1013 3796 1070 3880 τῆς
1091 3787 1158 3859 ὑπὸ
1183 3786 1313 3880 Τροίαν

249 3891 403 3977 erperode·
422 3897 596 3980 legendum
619 3918 681 3980 pro
701 3893 765 3981 τῆς,
779 3889 950 3983 ὑπαίθρου
968 3917 1039 3984 στρ.
1062 3931 1102 3946 -
1123 3894 1237 3976 (Quod
1256 3894 1312 3960 le·

242 3998 338 4086 gitur
359 3995 407 4077 X,
432 3999 491 4068 188
512 4019 578 4064 non
600 4005 680 4083 puto
702 3998 891 4084 Aristerchi
913 4007 1012 4078 esse).
