2806 4756
1100 367 1165 438 873
1267 449 1275 460 x

94 551 203 635 iisque
237 541 471 630 comparandis
503 538 679 626 gemmam
712 536 855 606 formam
886 541 1001 606 textus
1031 523 1190 627 quaesi-¹

96 656 197 719 risse.
246 650 296 716 Aa
324 647 467 733 genuina
493 643 564 707 illis
595 641 664 708 snit
684 661 736 724 ca,
758 662 843 727 quae
864 637 998 726 poetam
1020 643 1166 710 maximo

96 759 219 822 ‹leoere
240 751 430 819 ridebatur.
475 745 517 810 In
538 764 605 830 quo
626 763 723 809 nemo
744 764 811 810 non
831 744 925 810 videt
944 745 1058 812 omnia
1073 745 1167 811 ‹leni-

100 880 165 945 que
185 855 230 922 ad
251 851 558 920 Alexandrinorum
578 846 750 930 ingenium
771 852 805 912 et
825 847 1001 913 arbitrium
1018 846 1168 917 redire“.

162 959 288 1024 Libere
310 953 489 1020 dicendum
517 955 569 1017 cst
588 952 625 1016 iu
645 969 684 1014 re
705 948 914 1035 gravissima.
976 949 1073 1018 Haec
1093 971 1169 1019 sen·

103 1081 174 1126 sum
196 1080 261 1126 non
285 1057 418 1122 babent.
461 1054 582 1139 Neque
602 1053 690 1120 enirn
718 1056 963 1137 poterantuna
984 1074 1087 1140 opera
1106 1073 1169 1142 ge.

99 1164 233 1228 cuinam
256 1159 399 1228 tomam
430 1176 594 1243 quaerere
614 1144 851 1251 comparandis
882 1157 1031 1242 antiquis
1052 1161 1087 1226 et
1108 1179 1169 1228 ex·
1212 1217 1214 1224 ,
1255 1163 1260 1174 “

102 1255 435 1350 quisitis'coulicibus
456 1279 582 1345 suoque
602 1260 695 1324 abuti
715 1259 870 1326 arbitrio.
935 1261 981 1326 nt
1000 1282 1068 1328 non
1088 1268 1170 1348 pot-

101 1374 174 1432 erat
195 1364 281 1429 lieri
311 1370 349 1430 ut
379 1364 477 1430 salsis
506 1361 679 1450 profectus
699 1362 741 1427 ab
767 1361 877 1429 initiis
904 1384 971 1430 non
1002 1367 1073 1432 suis
1093 1382 1169 1434 sese

104 1469 259 1533 irretiret
290 1467 432 1552 laqueis.
478 1465 589 1543 Quam
626 1465 761 1530 omnino
796 1463 920 1564 latram
955 1468 999 1532 (le
1026 1470 1170 1536 istorum

98 1569 396 1656 grammaticorum
416 1585 518 1653 opera
539 1567 734 1652 conceperit
760 1570 948 1650 notionem,
981 1572 1174 1639 declaravit

101 1670 265 1737 hocloco
287 1693 320 1756 p.
344 1670 590 1748 ccxxxssl:
611 1669 772 1755 „Quippe
784 1669 845 1735 illo
867 1672 1075 1739 Graecorum
1086 1693 1171 1768 aero
1235 1755 1236 1758 Ἴ
1267 1729 1271 1772 :

101 1773 388 1848 (Alexandrinum
410 1773 516 1854 dicit)
548 1774 700 1860 quamvis
726 1774 763 1836 in
783 1773 936 1846 minutiis
956 1775 1171 1858 grammatici
1395 1787 1396 1794 ’

101 1877 236 1958 generis
265 1878 527 1962 occupatissimo
557 1897 625 1942 non
657 1875 770 1960 potuit¹
800 1895 867 1941 non
887 1876 967 1942 vilis
989 1881 1023 1942 et
1044 1875 1171 1944 eruditi

103 1975 248 2044 hominis
270 1980 424 2044 acumine
443 1998 562 2064 parum
590 1977 693 2062 digna
719 1979 829 2043 videri
850 1965 935 2043 haec
962 1999 1044 2047 cura
1064 1970 1174 2053 libros

105 2079 283 2145 dividendi
317 2065 515 2166 importes,
544 2080 775 2166 praeponendi
804 2081 1002 2164 summaria,
1034 2081 1172 2148 codices

102 2184 194 2247 inter
213 2201 252 2250 se
274 2183 508 2268 comparandi,
541 2183 755 2247 librariorum
768 2221 770 2224 -
784 2183 907 2248 menda
927 2183 1089 2267 tollendi,
1112 2203 1174 2262 vp2

86 2285 224 2358 ,cabula
245 2286 351 2370 signis
372 2271 622 2351 distinctionum
644 2290 679 2349 et
702 2289 896 2349 accentuum
926 2287 1064 2351 notandi
1086 2293 1120 2352 ct
1139 2285 1173 2354 si

103 2405 170 2470 qua
191 2387 259 2452 alia
286 2393 380 2468 snut,
413 2407 497 2472 quac
519 2387 642 2471 partim
662 2387 881 2478 assignantur
895 2385 1172 2476 grammatistis.f‘
1207 2445 1209 2450 .

104 2488 438 2574 Hicprirnnm'iure
460 2495 641 2572 quaeretur
661 2489 773 2552 corsi
794 2487 879 2553 haec
908 2489 993 2553 vilia
1013 2489 1175 2555 rideban-

105 2575 248 2657 sofista
265 2596 376 2656 aetate
402 2597 498 2656 tauto
521 2589 643 2656 studio
657 2590 860 2655 colerentur.
927 2589 1027 2656 Certe
1050 2593 1176 2657 Cicero

105 2691 226 2776 homa,
246 2696 368 2780 inquit,
390 2693 451 2758 alit
472 2698 765 2774 artcs'omnesque
785 2689 1010 2764 incenduntur
1039 2693 1083 2758 ad
1104 2700 1176 2760 stu·
1271 2703 1276 2711 '
1367 2681 1375 2700 ⁰

106 2793 164 2857 dia
184 2795 309 2878 gloria,
342 2797 520 2877 iacentque
548 2812 590 2856 ea
610 2800 758 2876 semper,
792 2813 879 2879 quae
907 2794 997 2877 apud
1024 2815 1175 2882 quosque

36 2931 40 2938 ·
107 2897 348 2980 improbantur.
392 2897 484 2960 Dein
505 2897 546 2986 in
561 2895 624 2975 iis,
647 2915 731 2978 quae
751 2896 962 2984 principibus
982 2898 1176 2982 grammati,
1201 2931 1204 2940 Δ

107 2999 159 3062 cis
181 2996 268 3062 dicit
289 2997 426 3083 indigna
458 2997 593 3079 habita,
625 2997 751 3062 nullum
772 3018 872 3062 unum
895 3005 963 3082 est,
996 3000 1087 3085 quod
1109 3017 1177 3064 nou

109 3098 371 3185 Aristophanem
393 3101 449 3165 vol
471 3098 703 3184 Aristarchum
715 3094 841 3167 secisse
852 3105 997 3166 constotz
1020 3101 1062 3166 de
1084 3120 1177 3166 com·

104 3201 280 3284 paratione
304 3202 473 3279 codicum,
493 3203 536 3267 de
556 3201 773 3267 librariorum
794 3203 923 3268 mendis
943 3202 1102 3276 sublatis,
1122 3201 1176 3270 ,do
1238 3255 1249 3268 ,

108 3305 380 3388 interpunctione
411 3309 447 3368 et
477 3305 672 3370 accentibus
704 3307 771 3369 iam
802 3326 845 3370 ne
874 3289 1013 3371 verbum
1040 3302 1180 3388 quidem

110 3404 252 3470 addant
291 3425 407 3469 verum
439 3407 530 3490 qnod
552 3406 670 3493 attinet
690 3407 733 3470 ad
756 3427 891 3490 operam
912 3408 1019 3471 libros
1040 3407 1077 3469 in
1098 3425 1177 3489 par·

106 3495 159 3570 te's
192 3506 386 3586 dividendi,
407 3505 647 3573 ¹Aristarchus
685 3507 774 3572 hanc
800 3507 1064 3573 Homericarum
1100 3507 1180 3572 rha-
1255 3567 1256 3571 ,

106 3608 302 3692 psodiarum
324 3607 448 3672 faciem
470 3609 650 3675 induxisse
671 3609 782 3672 fertur
804 3585 949 3692 et’quod
970 3599 1049 3672 huic
1070 3609 1181 3674 simil-

107 3711 224 3776 limum
256 3715 308 3776 est
342 3710 619 3798 aristophanem
645 3710 856 3797 quorumdam
888 3709 1075 3794 lyricorum
1105 3731 1182 3776 oar·

107 3812 200 3876 mina
231 3833 276 3878 ex
304 3812 379 3898 lego
408 3812 551 3897 quadam
580 3814 754 3878 ordinasse
776 3812 939 3877 traditum
962 3811 1180 3898 eiusdemque
1233 3839 1237 3848 ¹
1340 3827 1348 3849 ‘

107 3911 266 3979 seruntur
296 3912 486 3980 fabularum
515 3922 719 3998 argumenta.
762 3925 800 3964 ε-
827 3913 875 3978 At
895 3907 1184 3981 athetesesWol·

109 4011 191 4079 tium
213 4015 300 4084 male
321 4017 509 4109 babperunt
528 4021 564 4082 'ct
585 4015 782 4084 Zenodotea
803 4014 990 4086 temeritas.
1019 4012 1073 4082 lle
1088 4015 1184 4120 atbe-
1241 4049 1246 4062 ’
