2858 4754
1127 341 1176 406 27.

107 509 213 592 noue
237 507 456 598 maanus
485 491 632 596 posim
662 529 797 598 operam
818 509 966 588 monus
995 513 1027 592 sl
1048 533 1192 601 cono-2

108 613 216 698 uisset
244 615 386 702 melius,
417 611 508 704 huno
538 616 570 682 si
591 615 755 686 tenuisset
775 613 961 701 Didymum
982 636 1078 700 esse,
1112 619 1172 702 qui
1281 641 1283 654 ⁴

109 734 171 799 per
191 721 263 783 totu
284 717 413 783 scholia
430 717 577 803 duplicis
587 717 824 810 Aristarcheae
839 720 997 808 editionis
1008 721 1173 788 lectiones

110 821 264 904 apponit,
297 839 462 904 nunquam
497 823 556 886 ille
588 826 741 905 negasset
781 822 950 907 duplicem
981 823 1175 889 Aristarchi

112 913 295 987 editionem
322 921 425 988 fuisse
447 923 728 1006 (ccxxxvll).
778 925 825 990 nt
853 926 1066 1007 Ammonius,
1099 925 1177 994 nri.

113 1021 243 1088 starchi
279 1024 412 1090 auditor
444 1031 477 1092 et
507 1028 543 1090 in
573 1026 691 1092 schola
711 1041 888 1092 successor
919 1021 1128 1110 (Ἀμμώνιος,
1155 1019 1176 1092 ὃ

109 1119 361 1215 Ἀριστάρχειος,
394 1120 412 1193 δ
435 1118 667 1211 διαδεξάμενος
686 1121 883 1216 τῆν’σχολήν
904 1129 946 1206 Κ,
959 1133 1035 1211 397)
1056 1131 1178 1218 librum

95 1231 299 1315 scripserat
329 1226 406 1317 περὶ
437 1232 496 1295 τοῦ
525 1228 570 1316 μὴ
593 1219 757 1315 γενονέναι
777 1227 934 1309 πλείονας
955 1228 1101 1310 ἐκδόσεις
1120 1233 1180 1320 τῆς
1212 1223 1214 1228 ’

111 1324 353 1420 Ἀρισιαρχείου
385 1316 597 1420 διορθώσεωςΙ
632 1335 689 1414 (Κ,
722 1337 810 1412 397.)
862 1333 991 1411 Quidni
1012 1321 1201 1421 opponam,

110 1435 496 1500 ·ennden·nmmonium
527 1437 706 1520 scripsisse
738 1433 816 1524 περὶ
846 1439 905 1523 τῆς
943 1433 1181 1526 ε’πεκδοθείσης

118 1530 329 1624 διορθώσεως
350 1538 411 1616 (sc.
429 1530 665 1625 Ἀριστάρχου),
699 1536 741 1601 δε
764 1560 828 1623 qua
850 1559 916 1604 non
938 1547 1068 1623 poterat
1096 1542 1183 1605 scri-

118 1641 210 1720 bere,
231 1640 262 1704 si
282 1640 374 1703 nulla
395 1645 478 1704 erat.
529 1640 568 1704 Si
588 1640 631 1703 ad
652 1641 900 1724 supposititiam
921 1639 978 1705 hic
999 1640 1087 1705 liber
1107 1663 1183 1726 per-

120 1742 269 1820 tinebat,
300 1733 533 1806 inscribendus
565 1746 638 1804 erat
660 1738 749 1827 «περὶ
779 1743 837 1827 τῆς
869 1734 914 1817 ὡς
936 1734 1183 1828 Ἀρισταρχείοο

121 1840 304 1930 φερομένης
326 1835 544 1927 διορθώσεως.
589 1842 782 1928 Suspicatus
804 1842 1022 1907 est.w01fius
1043 1849 1185 1928 utroque

121 1945 223 2008 titulo
255 1933 395 2008 eundern
416 1943 588 2026 Ammo'nii
616 1946 738 2009 librum
769 1945 923 2011 indicari.
970 1943 1046 2009 Hoc
1068 1967 1185 2010 verum

124 2046 290 2138 fortassez
307 2052 309 2061 '
328 2046 491 2111 affirmari
530 2048 659 2132 nequit..
733 2047 800 2113 Sed
837 2047 904 2111 hoo
938 2031 1189 2133 affimnandum,‘

123 2150 219 2213 illum
249 2149 395 2232 priorem
422 2149 555 2212 titulum
577 2148 642 2214 hoc
663 2150 728 2214 sibi
750 2150 852 2215 velle:
886 2145 1044 2236 περὶτοῦ
1064 2148 1110 2238 μὴ
1131 2173 1185 2236 γε·

126 2249 253 2336 γονέναι
284 2245 440 2326 πλείονας
464 2244 610 2327 ἐκδόσεις
630 2253 687 2337 τῆς
704 2235 951 2339 Ἀρισσαρχείοσ
974 2248 1188 2340 διορδῶσεως

128 2336 171 2402 -ἶδ
188 2354 252 2418 νῶν
274 2347 381 2432 δὺ·ο.*)
434 2352 513 2417 Nisi
535 2353 623 2438 apud
645 2352 882 2419 Aristarcheos
903 2354 946 2419 de
968 2353 1096 2440 duplici
1117 2377 1186 2421 ma-

128 2455 230 2538 gistri
248 2456 396 2521 editione
418 2457 591 2520 constabat
611 2476 677 2520 non
699 2464 831 2540 poterat
853 2457 997 2541 duplicis
1020 2459 1188 2540 ‚editionis

128 2557 289 2622 lectiones
313 2579 379 2642 per
411 2563 518 2623 totum
549 2555 734 2624 Homerum
765 2580 935 2643 exponere
963 2560 1134 2644 Didymus
1155 2565 1190 2626 et

129 2661 302 2744 utriusque
322 2661 385 2750 vell
399 2681 595 2726 consensum
617 2662 671 2726 vel
686 2661 870 2728 dissensum
884 2667 1011 2728 notare.
1042 2662 1190 2728 Credere

131 2781 211 2828 uero
233 2762 442 2829 Ammonium
464 2765 607 2848 probaro
628 2765 785 2847 voluisse,
801 2765 899 2849 ¹quod
920 2763 997 2828 dein
1018 2783 1080 2847 pro
1101 2764 1189 2828 salso

130 2866 295 2948 agnitum,
318 2868 542 2931 temerarium.
586 2867 671 2958 Quis
699 2868 734 2930 in
761 2866 824 2932 hac
842 2883 884 2930 're
903 2884 1017 2930 verum
1038 2865 1192 2954 docuerit

131 2970 244 3052 potius
275 2963 374 3051 quam
412 2968 548 3034 scholae
575 2969 774 3037 successor?
818 2969 883 3032 Cui
917 2969 989 3052 ipso
1020 2969 1196 3054 Didymus

112 3077 200 3134 ‘non
227 3072 353 3134 tantum
382 3069 483 3138 fidem
514 3072 646 3152 tribuit,
678 3071 739 3135 sed
767 3072 865 3136 etiam
889 3091 968 3157 prae
989 3071 1068 3137 aliis
1089 3070 1191 3136 fidem

133 3171 251 3238 deberi
280 3171 459 3254 significat.
509 3174 601 3252 Vide
631 3173 1191 3265 modofl,111.1r,397‚cf.T‚
1240 3181 1243 3188 “

131 3277 207 3342 365.
236 3277 283 3356 Ζ,
306 3275 347 3339 76
367 3275 438 3355 (ubi
458 3269 515 3374 *cic
531 3270 745 3364 Ἀριστάρχου
763 3278 829 3364 leg.
851 3297 917 3342 non
949 3313 986 3327 -
1008 3281 1088 3358 χος).
1151 3278 1198 3368 Γ,

116 3379 206 3466 Ι368.
224 3379 277 3459 Η,
301 3379 333 3440 7.
356 3381 397 3455 Γ,
420 3381 492 3450 560.
541 3373 724 3446 Crederem
751 3381 783 3448 si
804 3401 932 3445 summa
953 3377 1114 3458 credendi
1135 3375 1193 3440 n'e-
1254 3397 1255 3404 ¹
1325 3409 1329 3422 ‚

135 3482 277 3547 cessitas
309 3483 418 3555 esset,
453 3502 537 3565 quae
557 3483 649 3548 nulla
671 3489 730 3548 est.
773 3483 865 3567 Ergo
886 3482 969 3546 milri
991 3488 1119 3547 certum
1141 3485 1193 3546 est
1382 3487 1385 3496 ⁴

137 3603 198 3651 nec
230 3583 440 3648 Ammonium
467 3582 509 3646 de
540 3584 667 3669 duplici
689 3585 836 3650 editione
858 3585 1045 3649 dubitasset
1079 3602 1191 3647 omnes

137 3705 218 3764 uero
254 3685 626 3770 postea‘rlristarcheos
658 3687 824 3778 duplicem
852 3689 1022 3765 statuisse,
1043 3684 1108 3748 hoo
1134 3685 1193 3748 Di·
1324 3767 1327 3776 ,

137 3787 262 3873 dymus
284 3807 351 3859 oon
379 3789 463 3862 sinit
488 3787 653 3858 dubitare.
695 3790 871 3868 Quomodo
893 3787 970 3854 fieri
990 3789 1137 3872 potuerit
1157 3793 1207 3876 ut,
1263 3803 1269 3882 ζ
1333 3843 1344 3878 =.

141 3939 363 3958 -ν--ῌν-υ--ι

188 3973 213 4076 *δ
248 4009 418 4078 Antistium
435 4012 508 4070 liber
517 4008 580 4088 περὶ
588 4003 636 4066 rob⁴
643 4001 759 4086 μὴεῖναι
768 4005 924 4086 ἀντιλέγειν.
935 4007 1017 4080 Diog.
1027 4009 1077 4066 La.
1087 4009 1144 4078 111,
1152 4011 1194 4068 35.
