2824 4756
211 317 275 388 27⁰
373 304 376 316 ’

210 486 281 574 ῙΧ,
303 491 336 573 8,
356 489 405 570 2).
458 487 507 554 Et
526 485 671 574 primum
692 483 787 556 facta
806 487 885 552 runt
906 483 1053 567 piurima
1073 485 1120 547 ex'
1139 482 1292 548 adiecti-

210 596 328 662 risio
354 611 412 674 os,
441 610 583 676 qnorum
610 588 792 657 rnaxintam
806 575 951 672 'copiam
980 585 1087 652 Plato
1108 584 1229 668 habet,
1254 591 1294 651 et

207 697 357 774 ,fortasse
384 697 421 760 iu
449 711 657 760 commonent
679 691 888 762 Graecorum
910 709 1006 758 nsunt
1028 689 1098 754 alia
1118 707 1291 774 nunquam

211 797 424 878 venerunt*).
477 796 557 864 Hoc
584 800 715 864 certum
742 798 796 859 est
811 794 969 868 ‚maxima
997 811 1042 857 ex
1069 792 1136 858 noo
1166 812 1293 876 genere

184 924 281 990 .qoo
314 900 464 986 pertinet
497 899 632 985 δηιοτης
671 897 883 982 (quamquam
917 895 1007 996 inde
1030 895 1072 960 ab
1103 895 1292 964 Aristotele

214 1007 318 1072 etiam
339 1023 426 1088 quae
448 1022 469 1068 a
489 1021 528 1066 sn
552 999 692 1070 tuntivis
709 1005 787 1064 snut
800 1005 836 1064 et
849 999 976 1078 atia**)
997 997 1088 1082 apud
1103 999 1293 1082 scriptores

212 1109 487 1192 frequentantur)
541 1099 778 1170 nisteronem
798 1100 1018 1168 iudicandum
1039 1101 1209 1185 ingentem
1230 1120 1293 1163 vo-

213 1199 408 1280 cabulorum
442 1205 573 1292 copiam
601 1217 750 1286 praesto,
765 1201 884 1271 fnisse.
942 1201 1069 1270 Omnia
1098 1207 1290 1278 accentum,

214 1311 404 1379 habuerunt
432 1312 467 1372 in
496 1307 690 1392 penultima.
733 1305 788 1370 De
809 1325 876 1370 uuo
897 1298 1065 1392 κουφότης
1085 1307 1291 1390 accepimns,

214 1406 444 1482 Athenienses·
463 1410 595 1479 dixisse
614 1402 791 1496 κουφότης,
816 1409 939 1476 orem.
964 1429 997 1492 p.
1020 1407 1062 1476 2ss
1082 1413 1153 1472 not.
1197 1408 1293 1485 Quid

216 1517 323 1581 movit
354 1535 429 1580 eum
460 1520 498 1580 ut
529 1505 663 1600 όηιοτής
694 1517 730 1580 et
751 1503 911 1598 ἆνόρθτης
933 1513 1036 1576 -an
1065 1501 1294 1599 o‘tdpomjut'-

217 1620 299 1696 (non
328 1614 547 1682 dubitandum
576 1618 657 1700 quin
685 1613 752 1682 huo
779 1618 881 1686 etiam
903 1615 956 1678 sic
976 1615 1160 1692 notaverit)
1180 1614 1217 1678 in
1239 1613 1294 1678 ul-

214 1709 306 1786 tima
326 1718 478 1784 notaret?
522 1717 747 1784 Scilicet-hic
767 1722 925 1784 accentus
946 1715 1294 1801 antiquitustroditos

221 1829 304 1889 erat.
359 1821 449 1886 Mihi
481 1822 518 1885 in
550 1820 605 1886 his
636 1822 737 1884 rebus
768 1819 918 1894 versanti
950 1815 1071 1886 iterum
1103 1818 1293 1904 iterumque

220 1925 390 2005 occumit,
409 1926 521 1988 'etiam
549 1924 586 1986 in
607 1923 865 2009 obsoletioribus
886 1919 1064 1992 vocabulis
1081 1921 1229 2005 aliquam
1250 1924 1294 1988 de
1331 1950 1334 1959 r

222 2033 363 2092 accentu
384 2026 598 2090 traditionem
619 2025 737 2090 fuisse.
766 2027 900 2090 Etenim
922 2025 1055 2090 etiamsi
1073 2043 1235 2109 ponamus
1256 2027 1293 2089 in

182 2177 187 2194 ,
222 2130 377 2195 uersibus
391 2127 575 2192 recitandis
587 2133 760 2192 accentum
774 2146 857 2192 uoce
867 2147 935 2190 nou
945 2131 1096 2191 notatum
1110 2147 1296 2214 essequam

224 2250 325 2314 saepe
352 2234 451 2294 extra
478 2247 615 2294 uersum
642 2230 746 2297 etiam
774 2229 1034 2294 Homericomm
1054 2217 1296 2296 venabulorum

225 2381 452 2398 Μ

155 2499 158 2504 ’
226 2502 342 2561 moverit
358 2509 469 2574 praeter
486 2496 652 2576 διαφορότης
668 2519 721 2574 pro
738 2498 862 2582 διαφορά
879 2503 1049 2558 demonstrat
1065 2498 1297 2572 dmptdrqcss‘ro·
1352 2529 1354 2534 ·

226 2599 282 2670 tog.
304 2594 365 2648 331.
388 2590 416 2642 b.
441 2588 530 2656 Gorg.
554 2591 614 2648 5⁰8.
632 2592 669 2651 a).
689 2622 721 2632 -
738 2589 772 2644 ln
791 2587 837 2654 iis,
856 2605 928 2658 qnae
945 2606 1018 2644 nuuc
1035 2589 1070 2644 de
1087 2585 1130 2644 itis
1147 2591 1297 2646 substanti·

159 2739 163 2754 Ι
227 2675 271 2729 vis
288 2672 462 2736 Herodianus
486 2673 602 2728 exhibet
617 2691 685 2746 περ.
708 2691 771 2732 ναν.
790 2675 813 2728 i.
832 2689 860 2741 p.
878 2677 921 2730 to.
940 2691 966 2740 p.
983 2678 1026 2742 33,
1044 2691 1099 2728 non
1117 2684 1209 2746 potest
1226 2675 1297 2730 ecri-

227 2759 318 2830 psisse
336 2760 410 2828 quod
438 2756 541 2826 tegitur
565 2776 593 2829 p.
620 2763 671 2824 ³3,
696 2762 730 2816 19
753 2757 800 2822 (rt.
817 2753 996 2826 98)ἀὶνότης.
1013 2751 1047 2812 τό
1065 2762 1104 2820 εἲς
1120 2779 1165 2827 της
1181 2757 1297 2829 λήγοντα

173 2858 175 2862 ·
228 2841 335 2912 θηλυκὰ
358 2842 425 2898 οὐδέ
439 2861 505 2899 ποτε
522 2840 578 2896 ἀπό
595 2844 640 2910 τῆς
658 2861 706 2903 νας-
721 2839 888 2910 ταταλήξεως
912 2843 1050 2917 παρήχθη.
1067 2846 1230 2915 ·σημειῶότς
1246 2840 1299 2920 ἄρα

229 2926 261 2985 τό
279 2925 386 2996 αῖνότης
402 2921 499 2987 drona.
535 2929 681 2986 Quomodo
699 2947 760 2984 eunt
783 2929 880 2998 sugere
897 2939 1007 2998 poterat
1023 2931 1194 2986 noussimom
1211 2927 1298 2988 δεινό-

230 3015 293 3082 tos!
317 3010 430 3081 δανότης
454 3014 517 3082 ipse
542 3015 633 3077 attulit
650 3008 694 3070 'cx
722 3015 862 3091 Sophocle
888 3017 1299 3085 (p.4o,1u).1³raetereaneo

231 3101 327 3168 ignota
333 3091 460 3170 μανότης,
475 3094 622 3177 χαυνότης,
635 3096 800 3168 ταπεινότης,
819 3097 977 3168 πιθανότης,
994 3097 1135 3170 σεμνότης,
1148 3115 1301 3170 quaererte

235 3202 282 3250 eo,
300 3179 375 3253 quod
393 3199 464 3239 nunc
482 3183 558 3251 dicit,
576 3200 631 3238 uon
648 3186 841 3246 excluduntur.
877 3185 957 3248 Quod
975 3187 1092 3256 primurn
1111 3188 1232 3242 occurrit
1248 3204 1300 3257 pro

234 3264 343 3347 αἰνότης
359 3278 400 3323 est
416 3263 507 3336 tudine
525 3270 662 3342 (Longiu.
680 3276 722 3336 ll,
739 3275 765 3326 3.
783 3269 858 3325 Plut.
875 3271 930 3327 det.
948 3288 991 3326 or.
1008 3268 1061 3341 ιγ’)
1080 3282 1107 3326 et
1133 3270 1188 3328 ἀπό
1205 3273 1248 3341 τῆς
1264 3290 1302 3334 εις

234 3350 407 3423 enuntietur.
426 3353 630 3427 Chrysippeunt
643 3349 818 3424 χαρτεντότης
835 3366 942 3422 poterat
959 3347 1213 3428 toene-negligere.
1247 3355 1303 3414 Sed

235 3442 386 3500 concedam
401 3439 484 3495 tacite
501 3455 552 3494 neo
569 3442 640 3494 hanc
655 3439 825 3508 grammatici
843 3457 950 3504 manum
968 3459 1038 3500 esse.

287 3579 313 3646 ⁴)
326 3575 527 3650 ’‘triporootp.
545 3575 695 3654 tiamm-
712 3593 767 3636 nou
786 3586 886 3634 tantun
903 3587 1021 3648 propter
1031 3585 1169 3643 mettum,
1196 3579 1235 3634 de
1248 3595 1303 3646 quo

239 3669 295 3720 uno
319 3665 410 3718 adhuc
435 3663 576 3730 dixerunt,
593 3661 765 3748 mirationem
786 3661 865 3721 tacit.
891 3664 993 3735 Hymn.
1018 3663 1100 3720 Mart.
1118 3665 1152 3721 10
1167 3673 1305 3720 uenenum

166 3760 168 3764 ·
228 3757 366 3814 oetatem,
384 3763 463 3840 quam
481 3746 596 3817 agnovit
612 3747 794 3814 Hermaunne,
811 3747 906 3820 prodit
922 3747 1003 3804 etiam
1020 3765 1082 3804 roc.
1099 3743 1197 3818 βτότης,

211 3906 213 3912 s
293 3885 333 4026 ἶ)
349 3885 424 4028 ηψπ
441 3901 499 3943 uox
515 3878 652 3953 tantitas,
672 3883 790 3942 ornat.
807 3883 927 3954 naueh.
944 3901 972 3956 lt·
991 3891 1056 3954 101,
1074 3893 1090 3944 l
1108 3884 1229 3956 Brund„
1244 3883 1306 3942 dein

243 3985 299 4040 epu
331 3986 412 4028 aar·
475 4025 479 4034 .
