2806 4756
255 373 347 454 teil
1112 387 1123 439 l

254 555 406 622 additum
438 569 542 640 supra
572 541 776 618 ridlmus'h
808 551 959 620 litterum
980 545 1028 619 ‘ct
1053 545 1168 622 ⁴uheuu
1194 556 1333 625 lactum

254 661 314 726 Sic
335 660 371 722 in
393 657 454 722 illo
473 675 609 742 quoque
630 653 774 740 Virgilii
794 675 896 722 versu
916 657 953 722 in
974 658 1113 742 optimis
1134 661 1238 726 libris
1251 665 1334 727 scri.

198 809 217 840 .,
253 769 348 846 ptum
379 761 588 852 invenimus:
640 761 708 823 Aut
740 757 836 824 soliis
866 759 989 823 undam
1017 761 1127 844 tepidi
1164 762 1333 847 dispumat

253 864 364 932 aheni.
407 860 515 942 Xlll,
538 864 579 925 2⁰
600 859 688 926 Nam
710 861 747 923 ln
768 861 881 944 primo
902 861 1113 946 Georgicon,
1136 875 1238 948 quem
1261 885 1331 950 ego,

254 967 366 1052 inquit
392 966 453 1040 (sc.
483 963 645 1028 Valerius
672 962 839 1043 Probus),
861 961 984 1028 librum
1006 981 1107 1030 mann
1128 966 1238 1051 ipsius
1259 989 1331 1033 cor-

255 1077 391 1134 rectum·
407 1065 496 1150 legi,
525 1067 621 1130 urhis
641 1066 737 1148 peri
759 1065 909 1130 litteram
930 1066 1071 1150 scripsit
1092 1092 1131 1116 -ε
1155 1077 1278 1137 contra
1298 1073 1331 1135 in

254 1172 359 1237 tertio
391 1165 560 1234 Aeneidos
591 1159 694 1230 urbes
722 1166 812 1231 dixit
839 1187 902 1251 per
930 1189 950 1232 e
982 1169 1160 1234 litterum·
1187 1172 1256 1254 lx,
1281 1179 1329 1240 lt.

256 1274 457 1339 Ciceronem
478 1287 611 1353 quoqne
631 1265 783 1338 uilirmat
797 1269 984 1334 Caesellius
998 1271 1212 1354 irroratione,
1236 1296 1331 1359 quam

188 1401 191 1406 ·
255 1391 319 1460 pro
351 1372 393 1436 P.
427 1370 538 1434 Sestio
573 1367 676 1451 iecit,
710 1369 785 1436 dies
815 1372 996 1456 scripsisse
1021 1394 1086 1457 pro
1106 1373 1188 1442 diei.
1233 1377 1330 1455 Quod

155 1503 161 1512 ·
257 1491 323 1560 ego
355 1475 547 1558 impense
576 1491 703 1556 opera
735 1475 1001 1558 conquisitis
1028 1479 1260 1544 veteribus
1280 1481 1332 1543 li-

256 1580 346 1643 bris
375 1575 591 1662 plusculis
613 1576 663 1639 ita
683 1581 721 1638 ut
742 1575 928 1640 Caesellius
949 1576 1005 1659 ait¹
1020 1581 1184 1664 scriptum
1205 1583 1329 1647 inveni.

238 1677 376 1746 ‘Verba
405 1684 483 1744 sunt
511 1675 596 1742 haec
617 1675 666 1740 Μ.
690 1677 817 1744 Tullii:
851 1677 1010 1762 „equites
1030 1699 1112 1745 aero
1133 1683 1272 1748 daturos
1293 1687 1333 1748 il·

260 1783 328 1852 lius
351 1781 423 1846 dies
445 1777 619 1865 poenas‘tu
650 1779 823 1857 Quocirca
848 1778 976 1844 sectum
1006 1779 1122 1848 hercle
1150 1783 1263 1849 estut
1284 1786 1331 1850 ie-

236 1887 327 1956 ,cile
359 1885 403 1948 iis
430 1881 590 1968 credam,
627 1884 686 1966 qui
713 1882 920 1966 scripserunt
947 1883 1183 1970 idiographum
1210 1889 1331 1952 librum

240 1987 403 2072 ⁴Virgilii
425 2005 501 2051 sese
522 1981 724 2070 inspexisse,
745 1985 780 2047 in
802 1997 872 2068 quo
890 1985 940 2048 ita
961 1987 1127 2070 seriptum
1148 1993 1219 2056 estt

323 2089 431 2153 Libra
457 2087 531 2151 dies
559 2087 733 2170 somnique
759 2099 859 2170 putres
886 2088 944 2151 abi
965 2086 1088 2154 fecerit
1109 2089 1229 2171 horus,

261 2195 286 2258 i.
302 2214 332 2257 e.
349 2192 438 2254 libre
458 2188 530 2250 diei
549 2179 737 2270 somnique.
782 2187 851 2253 Sed
872 2189 962 2254 sicut
983 2181 1105 2261 hocin
1128 2193 1204 2256 loco
1226 2193 1330 2258 ‹liesa

233 2341 247 2354 .
260 2279 413 2379 Virgilio
447 2290 610 2374 scriptum
636 2289 794 2372 videtur,
825 2291 875 2354 ita
907 2293 942 2356 iu
963 2293 1024 2356 illo
1045 2313 1146 2358 versu
1168 2293 1254 2358 nihil
1276 2296 1331 2359 du-

220 2480 226 2486 ἡ
260 2397 437 2462 hiurusest
467 2391 549 2479 quin
580 2390 631 2456 dii
657 2389 836 2476 scripserit
863 2407 925 2478 pru
947 2393 1036 2458 dicit
1076 2391 1221 2463 Munera
1239 2399 1329 2462 laeti·

262 2501 412 2584 tiamque
433 2498 503 2564 diir
525 2495 616 2582 quod
637 2489 864 2579 imperitiores
886 2497 941 2560 dei
955 2497 1082 2582 legunt,
1103 2500 1331 2564 thiasolentiu

261 2602 400 2668 scilieet
429 2599 527 2664 vocis
558 2598 658 2664 istius
689 2597 921 2663 abhorrentes.
944 2625 988 2648 us
1005 2599 1046 2664 ln
1064 2601 1196 2666 'eodem
1225 2604 1329 2688 capite

263 2705 396 2791 Gellius
417 2699 519 2767 huecr
579 2715 580 2722 ’
1136 2693 1137 2698 ¹

199 2889 205 2899 l
329 2805 458 2888 „Quod
487 2793 597 2868 autern
625 2756 728 2888 supra
748 2799 984 2886 scriptumest
1004 2803 1041 2869 in
1062 2803 1183 2881 Quinti
1204 2805 1333 2870 Claudii

264 2901 514 2990 (Quadrigarii)
541 2905 656 2970 uerbis
686 2913 850 2988 „propter
870 2906 1133 2990 mugnitudincrlr
1153 2915 1254 2992 utque
1275 2909 1332 2971 im

263 3011 459 3085 manitatem
490 3006 623 3073 iacies“
655 3007 692 3071 id
723 3022 787 3072 nos
817 3007 946 3092 aliquot
975 3010 1148 3074 veteribus
1168 3010 1265 3088 libris
1287 3010 1333 3074 in·

146 3201 149 3206 Ι
266 3102 392 3197 spectis
423 3111 673 3194 exploravimus
701 3116 801 3194 atque
833 3110 884 3174 ita
915 3129 989 3175 csse
1020 3116 1058 3175 ut
1088 3113 1254 3196 scriptum
1286 3117 1333 3177 est

56 3249 61 3267 ι
133 3273 139 3281 ,
265 3212 499 3299 comperimus.
554 3212 615 3276 Sic
643 3212 731 3276 enim
763 3211 923 3298 pleraque
944 3220 1039 3279 aetus
1058 3219 1210 3279 ueterum
1235 3214 1332 3277 decli-

266 3317 383 3394 narit,
416 3314 502 3380 haec
534 3309 655 3395 facies,
688 3311 787 3378 huius
818 3313 945 3396 facies,
979 3315 1072 3400 quod
1090 3335 1178 3380 nnnc
1200 3322 1332 3402 propter

266 3419 434 3485 rationem
453 3416 702 3502 grammaticam
725 3412 829 3478 iuciei
847 3415 983 3481 dicitur.
1027 3407 1215 3502 Corruptos
1229 3423 1334 3482 antem

244 3520 432 3608 quosdam
459 3509 567 3582 liiros
597 3517 730 3602 reperi,
758 3519 796 3580 in·
824 3520 949 3602 quihus·
967 3517 1073 3584 lselel
1092 3521 1254 3605 scriptum
1276 3527 1334 3600 eet,

268 3624 331 3689 illo
357 3619 449 3707 quod
478 3625 556 3684 ante
583 3620 751 3704 scripum·
771 3626 844 3684 eret
865 3613 1074 3686 oblitterato.
1124 3613 1336 3686 Meminimus

269 3733 305 3792 et
335 3724 371 3800 in
398 3722 536 3789 Tiburti
557 3719 764 3786 bibliotheca
785 3723 937 3788 iuvenire
959 3744 1021 3788 nos
1041 3723 1077 3788 in
1100 3723 1217 3788 eodem
1240 3722 1338 3788 Clau-

269 3827 321 3892 dii
348 3825 436 3890 libro
465 3821 628 3908 scriptum
640 3827 851 3908 utrumque„
872 3823 992 3911 facies.
1004 3831 1041 3892 et
1060 3824 1190 3892 secrete
1207 3825 1270 3892 scd
1290 3825 1339 3889 ir·

268 3930 340 3994 eles
361 3927 397 3999 in
417 3924 539 4000 ordine
560 3925 724 4010 scriplum
744 3926 819 3990 tutu
834 3931 868 3991 et
888 3934 1009 3995 costra
1029 3926 1340 4011 lisseiamarglne]

269 4049 332 4114 per¹
352 4027 380 4092 ii
398 4028 568 4111 geminum
587 4025 711 4095 secii“.-
748 4027 902 4106 inferius
919 4031 990 4097 sic:
1044 4031 1117 4097 Ast
1131 4027 1248 4098 iacies
1260 4045 1340 4114 ergo
