2878 4750
206 265 208 272 ’
256 312 320 378 ιιι

144 563 152 577 χ
235 480 416 547 xruinatias
450 441 605 564 lususqtie
639 477 765 564 ingenii
783 425 1040 552 ,delab'erentum
1095 475 1188 556 Quid
1221 499 1341 562 porro

256 573 362 646 illi'
321 575 424 676 praei(
412 603 487 666 (ιιιυι
511 574 705 668 δηριόωντες
726 577 928 644 Μουσέων
911 603 945 646 εν
965 571 1136 667 ταλάρῳ
1125 600 1162 642 an
1183 582 1340 664 syssitio
1402 571 1403 638 i

235 675 316 748 'suo
340 683 606 766 disceptaverint
627 702 693 746 non
715 685 833 766 accepi
855 681 1008 766 quidem:
1028 681 1088 746 sed
1108 683 1225 747 nescio
1244 703 1340 765 quo·

256 785 356 848 modo
393 785 525 868 patulas
556 803 655 857 aures
686 776 879 850 admoventi
910 785 1235 868 quaestiuncularum
1272 805 1336 848 su-

256 906 373 952 surrus
393 887 580 981 adso-‚apat
634 885 676 948 In
697 883 864 952 conviviis
886 887 974 950 enim
996 885 1216 966 eruditorum,
1238 902 1337 970 qnae

258 988 348 1072 apud
379 994 553 1070 utramque
580 989 738 1071 populum
767 988 1041 1071 frequentissima
1062 994 1175 1067 erant,
1199 1007 1332 1072 propo-

258 1091 445 1156 nendarum
464 1089 761 1172 solvendarumque
783 1091 1009 1172 quaestionum
1022 1090 1238 1188 pervulgatus
1254 1109 1333 1154 mos

146 1250 154 1278 ,
238 1199 294 1258 'et
322 1196 418 1276 quasi
446 1193 582 1275 propria
610 1189 706 1255 sedes
733 1189 809 1256 tuit.
852 1190 1049 1275 'Postquam
1071 1193 1160 1255 enim
1182 1191 1225 1257 ad
1247 1211 1333 1274 epu-

260 1295 397 1360 landum
419 1295 530 1358 uocati
552 1293 673 1358 edendi
704 1291 878 1358 libidinem
900 1295 1088 1374 exuissent,
1117 1293 1288 1360 bibendi
1278 1315 1333 1356 rn-

262 1396 423 1476 duissent‚
447 1402 518 1458 tum
538 1396 664 1460 mensis
685 1395 869 1481 remotis*),
891 1397 1024 1480 poculis
1045 1396 1262 1479 ministratis,
1287 1395 1332 1460 ad

261 1496 396 1562 doctam
417 1497 645 1582 garrulitatem
665 1515 740 1562 sese
761 1499 958 1590 accingere:
979 1483 1102 1581 quippe
1123 1516 1232 1584 neque
1244 1501 1331 1562 matr

261 1621 335 1666 esse
357 1606 527 1684 poterant,
550 1599 701 1666 homines
722 1603 918 1684 praesertim
943 1599 1084 1680 Graeci,
1107 1619 1191 1682 quos
1211 1601 1248 1662 in
1270 1599 1329 1664 lit-

259 1704 344 1768 teris
377 1721 508 1788 quoque
541 1703 687 1766 omnium
720 1702 974 1796 loquacissimos
1003 1721 1075 1766 esse
1105 1700 1229 1792 Strabo
1250 1723 1329 1788 pro-

260 1804 372 1870 fessus
401 1813 469 1884 est,
499 1824 607 1888 neque
629 1802 790 1868 difficiles
811 1804 856 1868 iis
879 1799 914 1867 et
936 1796 1138 1868 convivandi
1158 1803 1328 1871 hilaritati

260 1927 378 1991 parurn
401 1914 498 1990 aptae
519 1907 763 1989 disputationes
778 1905 952 1990 placabant
967 1904 1075 1987 (Plut.
1098 1905 1254 1990 Sympos.
1271 1927 1326 1991 qu.

258 2007 289 2092 Ι,
327 2013 357 2087 l,
390 2028 477 2071 max.
508 2028 534 2071 c
566 2011 612 2085 3).
647 2005 827 2086 „Neutrum
856 2009 976 2072 decere
1004 2027 1049 2072 ox
1077 2009 1161 2092 ipsis
1182 2006 1329 2092 philoso-

252 2107 404 2192 phorum
426 2106 780 2188 sohelisretulerant,
802 2097 980 2194 inquibus
1002 2109 1044 2174 de
1064 2111 1143 2174 boni
1167 2113 1326 2176 conv'rae

209 2207 217 2224 ’
262 2211 445 2275 uirtutibus
466 2211 591 2276 multus
612 2229 720 2275 sermo
742 2229 815 2276 esse
838 2217 1069 2276 consueuerat.
1107 2203 1252 2279 ‘Pria-s
1308 2247 1325 2263 -

263 2331 335 2396 pos.
359 2329 414 2398 qu.
437 2312 464 2388 1,
489 2316 518 2393 l,
540 2313 628 2389 2**).
674 2309 727 2374 cf.
757 2307 828 2376 Cic.
852 2313 1035 2392 off.1,a⁷.
1067 2312 1181 2390 Quare
1202 2316 1233 2380 si
1254 2315 1328 2398 quis

263 2420 385 2496 natura
418 2420 505 2477 esset
535 2415 668 2478 tristior
696 2420 803 2496 atque.
825 2411 868 2477 ad
898 2416 987 2479 seria
1013 2413 1128 2479 iocose
1150 2415 1327 2482 tractanda

263 2511 459 2597 difficilior,
483 2517 670 2580 abstinebat
691 2535 763 2581 sese
784 2517 820 2578 in
841 2517 1066 2582 conuiuarum
1080 2523 1179 2582 coetu
1200 2517 1326 2584 abhoc

264 2639 385 2702 genere
407 2619 557 2684 ludicrae
580 2618 796 2684 eruditionis:
815 2624 861 2682 ut
882 2619 1068 2708 Isocrates:
1091 2621 1149 2703 qui
1170 2627 1270 2703 „cum
1292 2622 1325 2684 in

262 2721 419 2803 conuiuio
453 2743 473 2784 a
502 2717 672 2784 sodalibus
699 2725 869 2802 oraretur,
903 2727 940 2784 ut
968 2721 1099 2806 aliquid
1127 2725 1164 2785 in
1185 2723 1325 2786 medium

263 2821 303 2884 de
333 2822 542 2905 eloquentiae
568 2839 648 2902 suae
670 2820 770 2890 fonte
784 2823 972 2906 proferret,
1006 2822 1071 2888 hac
1092 2825 1190 2890 venia
1212 2824 1326 2908 depre-

151 2921 160 2938 ‘
213 2993 216 2998 ,
263 2931 355 2986 ratus
379 2928 444 2988 est:
490 2921 775 3008 Quaejpraesens,
798 2925 919 3012 inquit,
942 2926 1036 3018 lacus
1058 2946 1098 2991 ac
1119 2933 1251 3010 tempus
1270 2947 1326 2992 ex·

262 3125 484 3139 m

310 3227 424 3292 artur.
443 3227 537 3301 Gymp
554 3227 594 3294 ll,
612 3233 630 3285 Ξ
646 3229 723 3286 αὐτοὶ
744 3229 797 3306 γὰρ
814 3215 1025 3326 ἐπιχειρήσομεν
1047 3235 1134 3300 ζητεῖν
1178 3228 1244 3288 οταν
1263 3250 1330 3285 που·

226 3367 234 3392 ‚
263 3311 376 3384 σώμεθοι
403 3311 584 3373 δειπνοῦντες
616 3309 661 3375 Ὡς
686 3334 738 3370 ουν
765 3303 944 3392 ἀφῃρέθησαν
962 3321 991 3372 αἱ
1007 3315 1145 3392 τράπεζαι.
1181 3353 1214 3363 -
1246 3317 1324 3372 Alios

161 3408 166 3424 ⁶
266 3401 345 3456 locos
363 3415 433 3454 nunc
450 3401 603 3468 praetereo
649 3398 705 3454 Sed
723 3403 796 3468 apud
814 3402 959 3470 Virgilium
977 3404 1085 3478 Aeneas
1114 3406 1169 3459 tata
1186 3420 1235 3458 sua
1252 3403 1323 3471 regi·

268 3501 319 3555 nae
339 3493 455 3551 enarrat,
473 3493 616 3554 postquam
633 3485 723 3556 prima
740 3485 818 3554 quies
835 3487 925 3560 epulis
942 3505 1105 3556 mensaeque
1119 3494 1249 3546 remotae.

325 3623 464 3689 “)ζηιεΐν
490 3618 544 3690 μὲν
568 3620 684 3682 ἐντοῖς
708 3613 857 3695 ’διατριβαῖς
874 3627 936 3698 περὶ
953 3627 1129 3690 συμποτικῶν
1145 3619 1325 3710 καθηκόντων,

267 3707 314 3760 καὶ
332 3705 402 3765 τίς’
388 3701 466 3777 opp-rr}
486 3702 635 3775 συμπότου,
658 3709 705 3759 καὶ
727 3709 786 3768 πῶς
803 3713 867 3780 οἴνῳ
880 3713 1077 3782 mortom-
1095 3688 1207 3780 Νόμους
1224 3725 1324 3780 συμπο-

267 3787 353 3852 τικοὺς
372 3791 537 3858 scripserant
554 3793 728 3862 Aristoteles,
747 3777 929 3864 Speusippus,
949 3799 1130 3862 Xenocrates,
1147 3797 1246 3850 Athen.
1267 3795 1280 3848 1
1296 3813 1322 3866 p

228 3913 230 3919 ·
266 3881 284 3933 3
309 3878 327 3930 i.
370 3877 475 3931 florum
501 3886 529 3932 et
553 3877 683 3932 similium
708 3879 742 3933 ad
773 3879 933 3936 irrisionem
962 3880 1115 3954 pertinebat
1150 3879 1321 3935 Gnatltaenae

265 3954 349 4030 νόμος
366 3955 531 4020 συιιποιικός
548 3961 611 4019 Am.
629 3965 687 4022 585.
707 3965 732 4020 b.
828 4009 830 4016 ,
