2878 4750
260 361 326 424 mo
374 311 377 327 ¹

328 531 358 614 §.
379 534 411 598 3.
455 527 625 606 Quantum
654 547 736 594 uero
763 529 998 596 immodestiae
1025 552 1067 596 ac
1088 534 1200 616 potius
1221 535 1330 620 impu-

263 634 396 698 dentiae
417 632 469 695 his
489 637 715 696 tortuosarum
736 635 963 716 quaestionum
977 636 1208 719 captatoribus
1217 644 1332 721 ‘postc-

262 733 372 800 riores
392 728 601 817 ¹grammatici
622 735 697 798 iure
715 736 863 800 adscribi
892 755 991 820 posse
1008 737 1167 802 arbitrati
1181 740 1261 818 sict,
1283 761 1329 806 ox

261 837 471 902 memorabili
492 835 621 900 scholio
642 837 828 902 Aristonici
849 844 1014 922 apparet,
1031 840 1067 914 Y,
1086 839 1149 905 269
1163 831 1329 906 ἀθετοῦν-

261 933 433 1016 ιαιστίχοι
455 931 493 1013 δ’,
515 934 567 1002 ὅτι
578 936 842 1020 διεσκευασμένοι
852 934 932 1004 εἰσὶν
942 933 1012 1004 ὑπό
1024 961 1116 1016 Ιτινος
1126 943 1191 1005 τῶν
1203 941 1327 1024 βουλο-

251 1039 363 1124 μένων
385 1027 565 1127 πρόβλημα»
581 1041 699 1105 ποιεῖν.
727 1040 884 1110 Attamen
895 1041 1060 1108 hi-versus
1071 1043 1252 1110 Aristotele
1264 1063 1326 1108 ort-

258 1257 484 1274 m

259 1363 347 1415 schol.
364 1363 397 1425 Σ,
415 1365 458 1426 li,
475 1361 511 1417 de
527 1359 638 1415 Achille
654 1361 814 1417 lamentante
830 1359 916 1430 „mre
926 1360 1009 1425 οὕτως
1025 1361 1210 1439 ὑπερπινθιῖν
1225 1383 1325 1436 γυναι-

233 1446 357 1506 ··κῶδες”
393 1442 476 1504 οὕτως
491 1439 552 1499 ,οὔτ’
580 1439 616 1501 ἄν
637 1443 771 1520 βάρβαρος
797 1453 873 1516 τίτθη
900 1449 1064 1516 auctorne&
1093 1467 1128 1506 ne
1152 1467 1185 1506 ea
1210 1453 1326 1519 quidem

255 1546 329 1588 aava
345 1529 405 1586 eius
422 1531 553 1597 loquendi
571 1533 642 1588 ratio
661 1533 710 1586 sed
727 1533 930 1599 proverbialis,
950 1534 1056 1588 Aristo
1053 1535 1136 1604 apud
1154 1537 1232 1592 Sext.
1248 1539 1317 1592 lim·

256 1616 319 1684 pir.
339 1617 399 1669 adv.
418 1615 554 1670 lllathem.
577 1615 648 1684 VII,
676 1621 710 1698 10ι
734 1612 843 1676 τούτους
864 1613 917 1688 γὰρ
940 1622 977 1678 tls
995 1615 1120 1679 τίτθας
1103 1638 1139 1674 αν
1154 1623 1201 1674 καὶ
1218 1623 1322 1680 παιδο-

254 1719 316 1769 po,
318 1697 363 1760 ους
385 1705 502 1756 πίπτειν.
542 1699 632 1756 liddit
661 1685 762 1756 deinde
788 1701 912 1758 Wolfius
934 1701 1011 1767 illam
1040 1705 1144 1760 rabiem
1168 1704 1320 1781 prolectam

254 1783 309 1839 fuis
311 1803 374 1849 se,
378 1789 427 1860 ,ab
450 1787 597 1840 acerbitate
621 1794 648 1840 et
671 1786 819 1856 pravitate
832 1785 925 1842 anim.
909 1783 952 1814 ‘⁴
1001 1789 1047 1842 An
1076 1788 1194 1856 cogitari
1218 1797 1319 1858 potest,

254 1871 390 1940 pravitate
408 1871 492 1924 autimi
509 1887 670 1938 quemquam
687 1867 815 1925 insectari
833 1871 954 1941 priscum
970 1873 1152 1940 scriptorem,
1169 1874 1248 1930 cuius
1267 1893 1320 1930 nee

252 1957 289 2009 de
307 1955 363 2010 vitu
381 1973 431 2008 nec
448 1956 482 2007 de
502 1955 581 2009 tactis
604 1956 753 2024 quidquam
776 1959 927 2009 constaret!
953 1955 1036 2010 aussi
1053 1957 1118 2024 ¹quis
1135 1959 1219 2012 hodie
1236 1960 1319 2014 mali-

225 2071 230 2076 ι
253 2041 333 2094 volus
352 2041 382 2092 in·
407 2040 520 2112 Ulphila
543 2041 680 2111 carpendo
698 2041 752 2096 sibi
769 2041 881 2110 placere
899 2050 1000 2108 possut.
1035 2042 1172 2098 Admouet
1190 2040 1317 2100 Wolhus

95 2112 99 2118 ’
148 2167 149 2170 ,
206 2149 209 2156 ²
252 2127 287 2180 de
306 2128 365 2178 Vet.
383 2124 549 2178 Testamenti
567 2125 836 2192 reprehensionibus.
873 2125 909 2178 ht
926 2143 960 2178 ne
977 2126 1028 2178 hae
1046 2125 1154 2193 quidem
1179 2145 1195 2180 a
1220 2129 1316 2200 praui·

252 2201 413 2263 rme'aninii
440 2207 592 2276 proiectae,
617 2208 665 2262 sed
688 2225 703 2260 a
725 2203 1064 2276 persuasionerationum.
1100 2212 1180 2268 Quod
1199 2229 1267 2267 vero
1286 2213 1317 2268 in¹

187 2341 191 2348 ,
227 2307 228 2312 ’
252 2281 398 2357 Sallustio,
428 2293 576 2359 Cicerone,
601 2287 726 2362 Virgilio
754 2295 852 2348 tactum
878 2303 919 2348 est
941 2295 1035 2350 si'cui
1058 2309 1212 2364 succurrat,
1239 2298 1269 2352 id
1286 2305 1316 2352 et

251 2377 314 2430 fieri
337 2387 445 2444 poterat
467 2377 565 2432 iustius
589 2387 618 2431 et
639 2379 738 2432 facturn
756 2388 797 2433 est
814 2380 912 2446 partim
930 2396 1062 2447 perversa
1080 2381 1231 2436 imitatione
1247 2394 1314 2452 par·

188 2464 203 2518 ’,
251 2463 299 2514 tim
323 2462 424 2516 studio
435 2462 518 2517 civili
533 2471 567 2520 et
587 2464 774 2537 aemulatione
800 2463 903 2516 artis
927 2465 991 2518 Jam
1010 2475 1039 2520 ut
1062 2467 1096 2520 de
1114 2467 1198 2522 Zoilo
1221 2465 1315 2523 dicam
1424 2499 1425 2504 κ

249 2547 323 2612 qnod
348 2547 451 2614 sentio,
472 2552 530 2602 non
545 2548 676 2615 graviter
698 2549 891 2624 reprehendit,
918 2549 968 2603 sed
991 2549 1038 2613 (id
1062 2551 1136 2618 quud
1161 2542 1314 2620 fragmenta

249 2632 311 2714 ipsa
329 2633 549 2695 demonstrant)
541 2632 642 2700 irrisit,
658 2650 715 2687 non
732 2633 897 2711 Homerum,
915 2633 963 2686 sed
981 2635 1071 2688 studia
1088 2635 1240 2690 doctorum.
1276 2639 1312 2692 In
1390 2697 1393 2704 ,

247 2733 282 2770 ao
306 2717 329 2770 ei
353 2717 430 2772 multi
454 2734 510 2770 non
534 2705 730 2772 intellexerunt
750 2706 953 2785 cavillatorem,
972 2713 1043 2772 ide'm
1062 2720 1088 2772 ei
1106 2716 1180 2788 quod
1197 2721 1311 2786 Platoni

246 2801 356 2856 accidit.
391 2803 437 2868 At,
455 2800 572 2869 inquit,
570 2819 625 2857 non
643 2819 697 2856 uno
715 2800 850 2878 eiusmodi
866 2809 1009 2856 contentus
1026 2803 1078 2857 fuit
1094 2805 1237 2875 opusculo,
1256 2806 1311 2862 tria

246 2887 373 2940 novimus
392 2887 549 2952 Homerica,
574 2887 707 2944 novimus
717 2896 862 2958 praeterea
879 2886 1009 2960 aduersos
1027 2887 1174 2942 Platonem
1189 2908 1250 2944 eum
1268 2902 1327 2954 ata

245 2987 302 3038 que
327 2965 475 3030 Isocratem
504 2973 660 3040 scripsisse.
698 2973 773 3034 ,lloc
803 2971 867 3026 ideo
893 2971 1008 3038 lactum,
1034 2972 1195 3040 quod-non
1223 2975 1309 3033 animi

243 3071 328 3110 causa
352 3055 480 3120 scripsit,
502 3057 551 3112 sed
575 3057 748 3125 disciplinae.
787 3056 987 3123 Philosophum
1006 3057 1091 3112 luisse
1109 3055 1208 3114 Suidas
1226 3061 1310 3117 tradit

242 3137 351 3213 ‚adime
369 3139 400 3192 dl
417 3129 514 3203 ἦνκαὶ
531 3138 712 3211 φιλόσοφος.“
745 3141 840 3198 Qualis
857 3157 926 3200 uero
949 3141 1148 3210 philosophus!
1171 3144 1310 3200 Videlicet
1331 3167 1332 3171 ¹

204 3241 224 3265 ιι
244 3225 375 3295 Cynicus.
398 3223 525 3286 delion.
553 3225 595 3290 V,
620 3228 656 3280 ll.
674 3228 735 3290 XI,
761 3231 795 3282 10
817 3223 937 3280 leotrico
960 3225 991 3279 dl
1014 3227 1118 3288 Zoilus
1135 3217 1310 3290 cineritios

239 3303 395 3381 Ἰρητοριιιόςι
424 3325 479 3375 quo
503 3310 613 3364 nomine
639 3327 718 3376 quatu
745 3310 836 3380 aptius
862 3309 1016 3378 significari
1042 3314 1197 3382 putabimus
1225 3329 1307 3380 quam

243 3395 397 3457 rhetorem,
424 3392 472 3458 qui
498 3392 569 3446 idem
586 3403 658 3450 esset
676 3386 833 3464 Cynicusl'.
848 3394 886 3448 Et
903 3395 965 3462 lege
982 3395 1049 3457 mihi
1066 3395 1220 3462 Aelianum,
1238 3413 1306 3462 qua-

133 3517 137 3526 ,
241 3478 296 3532 lem
311 3478 409 3534 eodem
428 3477 491 3532 loco
513 3477 631 3532 hominis
648 3477 769 3532 habitum
786 3477 931 3550 depingat:
955 3495 1058 3550 merum
1074 3497 1208 3548 agnosces
1226 3479 1307 3550 cyni-

200 3578 205 3589 ·
237 3579 311 3616 oum.
345 3562 424 3632 Ergo
449 3561 474 3616 ci
496 3562 632 3640 Diogeni,
663 3573 693 3615 ut
716 3578 831 3628 censeo,
856 3571 884 3615 et
907 3562 1027 3618 maxime
1051 3564 1187 3635 Menippo
1204 3561 1307 3622 similis

195 3717 201 3728 .
238 3657 301 3702 erat
323 3645 435 3714 bitus,
458 3647 668 3717 σπουδογέλοιος
692 3645 757 3711 tuit,
781 3654 810 3700 et
838 3647 972 3701 dictorum
999 3647 1219 3716 scriptorumque
1245 3648 1306 3704 eius

240 3730 312 3786 idem
336 3749 395 3784 eum
418 3732 476 3790 illis
498 3732 591 3798 color,
617 3729 689 3785 idem
711 3730 865 3785 consilium.
888 3764 919 3776 -
943 3733 1050 3786 Novem
1071 3731 1133 3786 eius
1151 3733 1240 3788 libros
1256 3733 1306 3786 atl-

238 3831 338 3872 versute
342 3817 536 3873 Homerum
528 3833 605 3886 ipsos
630 3825 697 3888 puto
715 3814 863 3897 inscriptos
882 3789 969 3872 tuisse
983 3807 1191 3890 Ομηρομάστιε,
1210 3828 1239 3871 ιιι
1255 3817 1313 3892 Ῑιί-1
1424 3789 1425 3824 ³

237 3899 306 3954 ninii
324 3900 397 3954 liber
412 3899 627 3962 Ciceromastix·
645 3899 771 3956 similiter
786 3891 903 3956 Caruilii
915 3899 1154 3958 neneidtnustix
1171 3902 1305 3958 Ceterum

183 4019 187 4028 -
233 4000 288 4038 cur
308 4001 392 4040 uuum
409 3996 523 4044 statuam
540 3984 650 4048 zoilum
666 3986 737 4043 alius
753 3985 867 4049 dicam.
