2878 4750
1130 302 1193 375 148
1261 375 1270 396 ρ

126 479 207 563 ligo,
230 495 298 542 non
320 471 509 546 Aristonici
531 490 607 536 esse
626 470 732 540 schol.
761 471 798 548 P,
823 474 884 539 166
905 465 1035 540 dreini
1055 465 1195 559 ἀψύχων

125 580 162 646 τὸ
193 573 371 664 ἀγοίμεθα.
423 573 490 638 Sed
516 565 705 638 Aristonici
736 579 834 639 erunt
860 575 962 638 hoec:
992 574 1037 638 ad
1068 575 1108 650 Ψ,
1131 575 1195 641 512

124 684 207 750 δῶκε
230 674 259 746 δ’
284 671 375 763 ἷίγειν
396 668 562 762 ἑτάροισιν
582 668 810 763 ὑπερθύμοισι
831 679 966 761 γυναῖκα
986 673 1043 741 καί
1062 669 1193 762 τρίποδ’

124 778 276 850 ὠτώεντα
306 777 433 867 φέρειν)
462 773 549 864 πρὸς
576 773 635 862 τὴν
666 774 835 866 διαφορὰν
862 779 922 844 τοῦ
944 770 1113 862 ciperani
1134 776 1195 864 φέ-

125 889 202 971 ystv.
245 884 331 947 Item
353 881 397 944 ib.
419 881 483 946 263
503 873 660 956 ἱππεῦσιν
680 876 740 960 μὲν
761 881 879 968 πρῶτα
895 873 1081 945 ποδώκεσιν
1095 872 1194 963 atytt’

126 981 238 1052 deora
265 984 350 1070 θῆκε
377 982 512 1066 γυναῖκα
540 971 703 1066 ίίγεσθαι,
726 975 879 1065 ἀμύμονα
899 977 960 1070 i'py’
985 976 1117 1056 εἰδυῖαν,
1139 973 1216 1066 καί,

127 1080 257 1178 τρίποδ’
293 1075 457 1159 ὠτώεντα)
486 1075 539 1146 ὅτι
566 1080 824 1159 συνικδέξοισθαι
853 1085 904 1152 δεῖ
923 1086 970 1170 τῷ
990 1082 1047 1148 καί
1066 1079 1197 1170 τρίποδ’

127 1182 277 1257 ὠτώεντα
297 1183 335 1252 τὸ
357 1179 541 1273 φέρεσθαι·
565 1175 738 1272 depasti
758 1183 834 1276 γὰρ
855 1179 875 1252 ὁ
897 1182 1078 1273 ποιητὴς
1098 1181 1217 1273 περὶ,

127 1288 179 1356 vri
203 1284 306 1356 ἆντίι
334 1284 404 1353 καί
433 1279 605 1374 φορητά.
657 1288 814 1372 Denique
842 1289 885 1365 Ω,
906 1291 969 1356 367
992 1287 1035 1352 de
1056 1289 1195 1353 Priamo

126 1388 229 1470 εἴτις
250 1415 287 1458 σε
306 1385 415 1457 ίδοιτο
437 1424 480 1438 -
501 1381 608 1453 τόσσα
630 1381 749 1455 ὀνείατ’
774 1383 909 1475 ἷίγοντο)
932 1387 985 1456 ὅτι
1006 1381 1128 1475 ίίγοντα
1149 1384 1195 1456 ε’ί-
1220 1385 1223 1391 “

125 1518 221 1583 ρηνεν
242 1489 282 1558 οὐ
304 1490 465 1581 φέροντα·
489 1482 529 1554 oi
551 1486 613 1574 γὰρ
635 1483 736 1568 αὐτὸς
756 1485 943 1573 ἐβάσταζεν.
998 1493 1093 1566 llaec
1114 1495 1197 1558 bene
1224 1486 1228 1494 ’

47 1639 49 1643 ,
125 1597 292 1682 quadrare
333 1594 511 1671 videntur,
553 1590 652 1653 modo
692 1613 734 1688 ne
769 1601 907 1658 necesse
940 1601 1028 1658 esset
1057 1595 1196 1660 credere

126 1694 319 1762 Aristarchi
341 1695 529 1758 doctrinam
551 1689 748 1774 quibusdam
770 1691 894 1758 finibus
908 1695 1196 1780 circumscriptam

127 1801 251 1880 fuisse,
281 1815 366 1881 quos
394 1796 449 1860 vel
471 1785 636 1876 'migrarit
665 1793 877 1860 Aristonicus
898 1797 1038 1881 relego
1059 1817 1126 1861 non
1146 1800 1197 1862 ri-

127 1903 202 1966 deo.
256 1899 391 1964 Etenim
423 1915 479 1960 res
509 1894 586 1960 nori-
604 1917 686 1963 vera
713 1901 780 1979 est,
813 1917 877 1961 nec
898 1917 1012 1963 veram
1035 1919 1108 1964 esse
1130 1907 1197 1968 tam

130 2003 302 2086 expressis
323 2007 456 2086 tamque
477 2000 601 2063 vicinis
622 2001 785 2083 exemplis
806 2002 978 2084 probatur,
999 2005 1037 2066 ut
1049 2003 1198 2066 Aristar·

127 2106 228 2170 chum
248 2105 280 2170 si
302 2103 484 2188 quidquam
506 2104 542 2166 in
564 2101 629 2166 hoc
650 2121 774 2184 genere
795 2099 983 2169 hortamen
998 2101 1196 2188 lugerenon

126 2209 285 2293 potuerit.
330 2205 372 2281 Ω,
394 2207 459 2271 502
479 2205 636 2273 Priamus
658 2205 786 2270 Achilli
808 2205 912 2270 dicit:
930 2203 1035 2295 ’φέρω
1057 2201 1088 2272 d'
1112 2199 1196 2278 σἰπε-Ι
1307 2230 1315 2246 ⁸

14 2299 21 2311 ⁸
127 2303 222 2398 ριίσί
251 2300 385 2374 ίίποινα.
436 2326 487 2394 qis
507 2309 569 2374 176
590 2301 648 2377 καί
667 2329 718 2385 τις
738 2303 822 2384 θεὸς
837 2300 942 2382 ,αὐτὸν
962 2303 1091 2380 irrisor.
1133 2311 1196 2375 201

128 2405 247 2499 ἀγάγοι
268 2408 306 2480 δέ
326 2406 344 2477 ὲ
365 2402 504 2493 δαίμων.

158 2663 164 2674 -
192 2619 220 2703 §.
242 2621 273 2685 2
316 2617 414 2683 Haeo
441 2617 554 2682 omnin
581 2621 649 2682 tam
671 2618 806 2702 egregia
827 2615 924 2702 sun't,
952 2620 1021 2684 tam
1043 2616 1097 2682 vel
1119 2635 1195 2700 per-

128 2720 238 2788 lectae
267 2722 444 2786 doctrinae
471 2717 708 2802 satisfaciunt,
742 2728 780 2784 ut
801 2722 953 2786 scribens
974 2740 1027 2784 me
1048 2722 1120 2803 ipse
1142 2739 1196 2784 re-

130 2823 345 2907 prehendam.
400 2822 547 2888 Nullane
568 2827 646 2888 sunt
667 2826 700 2887 in
722 2823 789 2887 hoc
809 2823 945 2886 homine
958 2823 1215 2904 vestigiaeius,-
1254 2875 1256 2881 .

126 2945 195 3009 qna
216 2926 315 3004 vixit,
339 2927 460 2989 aetatis
477 2927 761 3009 grammatiaeque
781 2923 1064 3009 imperfectiorist·
1095 2925 1196 3010 'Gau-
1230 2965 1232 2970 -

128 3026 193 3090 deo
227 3045 316 3104 esse,
347 3046 421 3090 nam
454 3029 485 3091 si
522 3027 614 3090 nulla
652 3033 782 3106 essent,
820 3046 958 3091 vererer
995 3046 1037 3089 ne
1075 3027 1195 3094 salsam

126 3131 196 3195 viri
236 3129 413 3210 imaginem
448 3130 635 3221 legentibus
669 3147 900 3211 proponerem.
954 3121 1104 3205 ἀάπτους
1128 3132 1195 3210 peis

96 3267 99 3274 ν
134 3241 210 3319 ρας’
240 3231 403 3313 explicuit
457 3227 566 3306 δεινὰς
615 3225 670 3295 καί
721 3222 908 3314 ἆπτοὴτους
956 3228 1111 3310 (Herod.
1137 3231 1196 3296 ·ad
1268 3299 1274 3312 ,

125 3333 175 3422 4,
197 3335 283 3410 567).
330 3330 417 3396 lllihi
438 3352 505 3395 non
537 3332 681 3416 contigit
710 3333 919 3416 intelligere,
957 3332 1039 3416 quid
1066 3334 1195 3416 pleros-

127 3457 192 3519 que
238 3437 372 3498 veteres
416 3437 651 3514 grammaticos
699 3435 927 3520 prohibuerit,
974 3419 1062 3518 quo'
1085 3435 1194 3499 miuus
1231 3456 1234 3462 ·

129 3557 200 3601 eam
247 3537 525 3620 explicationem,
570 3558 667 3622 quam
718 3543 806 3602 nno
851 3536 1024 3622 sequimur
1069 3555 1193 3616 omnes,
1300 3544 1304 3554 '

130 3638 359 3704 admitterent.
436 3639 525 3704 Nam
574 3645 609 3703 et
632 3631 635 3636 ’
657 3640 853 3706 zenodotus
907 3637 1037 3702 dicitur
1058 3625 1194 3722 Texpli·

131 3741 241 3804 cuisse
273 3732 405 3828 ἰσχυράς
435 3748 469 3806 et
499 3739 745 3824 Aristophanes
776 3736 921 3818 ἀίπτοος
952 3741 1130 3824 scripsisse
1161 3747 1196 3806 et
1274 3799 1281 3809 ,

127 3841 343 3908 Herodianus
371 3843 446 3908 vult
479 3837 629 3920 σἰιίπτους
660 3865 733 3910 esse
767 3865 828 3932 pro
866 3834 1038 3918 ἆϊιίπτοος.
1093 3842 1196 3919 Quod
1274 3913 1277 3918 ,

128 3935 297 4036 ἆπτίρτος
324 3947 488 4032 explicuit
505 3947 750 4030 Aristarchus,
775 3947 814 4012 id
846 3946 944 4012 simul
965 3963 1005 4010 eo
1028 3943 1194 4030 effectum,
