2824 4756
1104 369 1168 440 tbi

96 569 161 636 per
191 545 343 614 Giaecos
371 547 494 609 nautas
523 543 734 628 frequentari
757 551 913 628 coeptae,
946 526 1171 616 locisnecens
1204 579 1208 589 ‚

94 653 242 718 detectis
273 648 410 712 nomina
441 652 739 730 quaerentesque
765 649 908 710 arbitrio
941 647 1172 732 imposuerunt

94 751 259 838 mythico.
303 750 414 816 Multa
434 749 583 814 fortasse
594 749 757 812 debentur
777 749 1063 820 Phocaeensibus.
1085 748 1172 810 Item
1248 821 1251 829 Ι

97 855 145 920 ad
176 873 254 917 oras
287 851 417 935 Libyae
449 852 542 914 locos
564 842 758 934 complures
791 853 833 915 ab
861 851 1018 928 Menelao
1048 856 1081 914 et
1102 851 1172 919 He-

97 957 175 1019 lene
208 953 320 1018 dictos
343 973 425 1032 vesse
457 954 504 1032 (v.
537 974 565 1017 e.
600 974 631 1036 g.
666 953 778 1015 Strab.
813 953 831 1015 1
859 974 890 1036 p.
920 957 972 1018 ao.
1002 951 1171 1035 senyu.

92 1043 267 1132 Ἕλέοοιος)
306 1057 543 1138 comperimus:
595 1055 685 1138 quod
724 1075 787 1118 nec
824 1055 978 1119 Menelao
1018 1055 1172 1132 debetur,
1255 1115 1259 1122 ,

95 1179 162 1223 nec
192 1159 391 1242 Aegyptiis,
410 1158 485 1221 sed
517 1177 538 1220 a
569 1157 679 1221 nautis
714 1157 855 1222 Graecis
888 1155 1075 1241 profectum
1097 1177 1174 1220 cum

97 1261 258 1342 frequens
297 1259 341 1324 ad
368 1257 442 1322 bas
482 1261 633 1340 regiones
673 1260 784 1322 aditus
816 1266 938 1324 esset·
988 1260 1046 1322 llli
1081 1258 1172 1324 idem

98 1360 256 1426 fecerunt
284 1363 380 1446 quasi
409 1361 439 1424 si
461 1363 518 1422 cui
539 1361 641 1423 hodie
663 1362 833 1424 nauarcho
856 1361 1096 1426 Britannorum
1118 1362 1173 1422 in·
1213 1385 1215 1392 ’
1261 1353 1278 1382 ’·

95 1464 190 1527 sulae
218 1464 286 1528 sibi
313 1464 459 1546 primum
488 1468 641 1544 repertae
662 1481 783 1544 nomen
805 1467 980 1545 quaerenti
1002 1463 1173 1528 arrideret

95 1585 217 1629 nomen
249 1561 509 1646 ‚‚Autusinsel“;
542 1563 630 1627 unde
663 1556 813 1647 posteris
846 1585 909 1628 nec
938 1566 1058 1629 liceret
1094 1584 1173 1628 con·

97 1667 237 1730 cludere
269 1666 343 1728 illic
376 1665 542 1748 quondam
573 1665 692 1728 Arium
726 1686 839 1749 regem
871 1666 984 1730 sedem
1015 1667 1173 1729 babuisse

97 1788 163 1830 nec
184 1767 312 1852 Auglos
335 1768 378 1828 ab
395 1765 462 1828 bac
483 1765 593 1829 insula
615 1769 779 1849 originem
802 1767 925 1833 ducere
947 1773 982 1831 et
996 1767 1077 1854 binc
1092 1767 1174 1830 olim
1276 1802 1280 1810 =

97 1869 197 1932 sedes
218 1868 453 1932 translocasse.
496 1867 624 1930 Eadem
646 1871 742 1950 origo
766 1869 987 1957 Cimmerii
1015 1868 1173 1953 Bospori,

98 1970 188 2034 unde
211 1969 332 2033 Strabo
355 1969 484 2052 colligit
505 1989 545 2032 eo
567 1969 644 2032 loco
667 1970 867 2036 Cimmerios
888 1953 1068 2036 habitasse.
1115 1971 1174 2034 Sic

100 2072 259 2154 scopulos
297 2073 459 2156 quosdam
497 2073 590 2134 circa
622 2071 753 2136 ltaliam
785 2065 1027 2160 Σειρηνούοοας
1060 2074 1174 2138 dicere

100 2179 267 2256 promtum
295 2181 368 2237 erat
396 2177 517 2237 nautis.
568 2173 636 2236 Sed
666 2195 740 2236 cum
770 2194 849 2238 casu
875 2183 955 2238 nou¹
975 2175 1042 2240 duo
1060 2180 1175 2258 essent

101 2275 235 2360 scopuli
257 2275 316 2338 sed
339 2282 409 2340 tres
430 2277 476 2350 (v.
501 2275 610 2339 Strnb.
633 2275 651 2337 1
673 2297 703 2358 p.
726 2277 799 2352 22).
815 2282 884 2342 tres
908 2277 1042 2342 Sirenes
1066 2279 1102 2340 in
1124 2277 1175 2341 fa-

102 2377 198 2442 bulas
218 2385 398 2453 venerunt3
420 2379 587 2442 Homerus
610 2377 692 2441 duas
714 2380 819 2441 novit.
865 2379 909 2445 Et
931 2379 1071 2462 qnodiu
1089 2380 1174 2443 mari
1294 2459 1297 2465 Ι
1400 2413 1401 2416 ¹

103 2480 230 2544 factum
257 2480 382 2544 idem
373 2500 409 2542 111
436 2485 540 2544 terra.
587 2471 696 2564 Ἑλένη
717 2479 795 2544 fons
818 2480 960 2544 dictus
951 2501 999 2543 m.
1010 2481 1129 2544 Chio
1120 2501 1174 2542 ιη-

104 2583 179 2648 sula
205 2582 252 2659 (v.
283 2581 400 2666 Steph
421 2601 447 2646 s.
469 2587 528 2658 ν).
503 2580 679 2658 >Quid
701 2581 822 2644 mirum
844 2580 971 2644 fontem
992 2599 1080 2664 aqna
1101 2581 1176 2644 lim-

104 2683 186 2766 pida
205 2683 366 2748 fluentem
389 2683 561 2764 Graecos,
584 2703 687 2767 equas
702 2703 810 2766 puras
831 2684 957 2765 uirgini
973 2683 1175 2764 comparare

20 2831 24 2844 ,
104 2785 240 2865 solitas,
269 2805 289 2850 a
319 2784 546 2869 pulcherrima
572 2784 698 2848 femina
719 2785 883 2849 Helenam
905 2781 1055 2847 dixisset
1109 2784 1176 2848 Αο-
1220 2817 1223 2824 ν

105 2886 213 2950 cessit
229 2886 310 2958 ‚dein
324 2887 456 2967 sabula,
479 2889 567 2950 sicut
588 2887 677 2970 apud
699 2887 903 2969 Stephanum
925 2886 1082 2968 legimus3
1104 2879 1175 2950 ἔστι

32 3050 36 3058 ,
104 2982 160 3050 καί
191 2981 293 3074 κρήνη
321 2977 430 3073 Ἑλένη
465 2985 499 3053 ἒν
528 2983 620 3072 Χίῳ,
649 2981 700 3070 ἐφ’
723 2976 872 3074 §litem
894 2980 1061 3052 ἔλοίοοοο.
1106 2987 1176 3053 Sed

109 3087 202 3152 docti
231 3087 332 3152 huius
358 3091 409 3152 rei
435 3091 646 3152 immemores
674 3089 900 3171 immensoque
928 3109 1043 3156 errore
1065 3093 1176 3175 impli-

111 3191 180 3254 cati
202 3209 247 3254 ex
269 3187 322 3254 his
343 3191 535 3255 nominibus
555 3191 599 3252 de
622 3194 807 3273 priscarum
829 3212 940 3266 rerum
958 3199 1044 3257 statu
1059 3195 1176 3278 colligi

110 3293 406 3377 posseputabant.
460 3291 608 3355 Omnino
629 3300 737 3357 autem
760 3301 902 3377 quantus
923 3297 1099 3359 doctorum
1121 3296 1176 3358 ru-
1189 3335 1202 3350 ι

104 3415 167 3458 'ror
199 3391 490 3458 fuerit==locorum
522 3397 656 3460 nomina
688 3399 730 3460 ab
759 3398 906 3478 antiquis
934 3398 1057 3462 fabulis
1080 3417 1175 3480 repe·

108 3495 202 3564 tendi
230 3496 420 3560 illustribus
447 3496 646 3580 quibusdem
677 3503 722 3562 et
740 3497 875 3563 festivis
898 3500 1061 3582 exemplis
1082 3505 1176 3562 tene-

110 3619 222 3664 mus·
219 3593 349 3662 *Strab
378 3599 548 3688 XVIIp
570 3601 630 3664 eol
653 3596 694 3664 toi
717 3593 785 3664 δ”
769 3623 803 3665 εν
825 3599 917 3666 dei*
863 3625 915 3721 qtq
937 3603 995 3686 τῆς
1020 3603 1175 3682 Κανωβι-

109 3700 165 3785 κῆς
186 3693 381 3789 διώρυγοςε
365 3723 383 3765 ο
404 3695 645 3787 Meveiaiaqg’
630 3697 699 3766 soci
719 3695 844 3784 νόμος,Ι
859 3697 940 3767 ἀπὸ
962 3703 1036 3766 τοῦ
1058 3695 1175 3766 ἀδελ-

111 3802 189 3924 φρῦ
217 3804 289 3868 τοῦ
318 3797 486 3927 πρώοορ
513 3799 790 3884 Πτολεμαίου
818 3797 1093 3886 καλουμενος,
1128 3795 1175 3866 οὗ

109 3926 162 3984 μοι
182 3897 286 3970 Δι
267 3901 346 3970 απὸ
363 3905 442 3971 τοῦ
464 3901 615 3994 ἥρωος,
647 3897 700 3982 ὡς
726 3902 833 3970 ἔνιοί
854 3928 1001 3993 φασιν,
1032 3892 1175 3970 dunat

107 3997 430 4098 Ἀρτεμίδωρος
469 4007 599 4094 Steph.
633 4007 720 4094 Βνο
746 4000 942 4095 'Apaocpte
972 4000 1072 4086 πόλις
1097 4007 1180 4072 Ha
