2878 4750
1126 389 1184 453 173

111 555 194 646 νέφη
225 513 443 676 μεταχωρεῖν·
466 542 534 634 ,,ὠς
556 545 657 618 δ””
609 576 649 618 nr
682 545 738 640 ἄρ’
762 545 853 639 ὖψρλ
857 553 1051 642 ῆςκοριροῆ
1004 549 1185 682 ροςορεος

110 655 268 747 μεχάλοιο
291 651 438 779 κινῆορ
429 652 574 721 πυκινὸν
585 653 708 742 νέφος“
730 657 822 734 (297)
844 659 1039 741 τοιγαροῦτ
1038 658 1093 724 καὶ
1107 657 1186 725 ὅταν

110 761 188 850 λέχρ
227 753 308 848 ,,ὡς
326 753 411 825 d'·‘'
390 781 429 838 ατ
472 749 530 824 ἀπ’
570 749 763 840 Οὐλύμποιο
791 755 892 845 νέφος
919 753 1071 847 ἔρχεταιι
1115 754 1184 828 ἀπὸ
1222 835 1225 844 ,

113 858 211 954 α’ροας
232 885 284 949 τηρ
272 855 392 944 μαίνει.

124 1071 127 1078 ⁴
176 1000 269 1082 Ergo
302 1018 346 1062 ex
373 996 439 1062 hoc
467 1017 568 1062 uersu
595 1003 723 1063 tentum
753 997 930 1082 expedivit
962 1005 1118 1084 quantum
1142 1001 1187 1082 (si

115 1103 251 1188 quidem
273 1101 419 1164 Homeri
442 1101 497 1166 vel
520 1101 740 1184 intelligentis
763 1108 884 1185 poetae
907 1122 980 1166 esse
995 1105 1188 1181 statuimus)

19 1231 25 1246 ’
114 1196 268 1290 expediri
297 1209 445 1288 poterat,
475 1201 533 1266 hic
561 1205 663 1268 etiam
702 1205 886 1290 Olympum
916 1206 1053 1268 aeneio
1077 1206 1189 1270 diver-
1226 1227 1228 1232 ’

114 1329 187 1374 sum
217 1327 292 1373 esse
324 1312 358 1369 et
380 1297 565 1390 Olympum
586 1311 744 1372 montem.¹
799 1307 867 1371 Sed
890 1309 1019 1390 reliqua
1040 1329 1106 1371 non
1130 1329 1191 1372 ex·-

109 1410 262 1495 pedivit,
303 1414 340 1472 ut
368 1410 434 1473 sibi
463 1407 684 1473 satisfaceret.
742 1409 796 1474 nd
824 1413 889 1476 365
917 1408 1002 1474 haee
1031 1411 1187 1495 legimus·

115 1513 188 1588 πῶς
217 1487 374 1598 αἰθέρος,
402 1507 444 1574 τὰ
471 1507 534 1598 γὰρ
563 1505 661 1596 πάθη
689 1511 794 1576 ταῦτα
822 1509 900 1598 περὶ
922 1507 978 1575 τὸν
1001 1505 1084 1600 ἀέρα
1105 1537 1189 1594 ‹rupr-

88 1612 260 1700 ’βέθρκεα
315 1606 400 1692 τάχα
434 1602 491 1677 ουν
524 1615 686 1692 συγχεῐται
716 1605 734 1675 ὁ
768 1604 833 1698 ἆὴρ
861 1609 948 1699 πρὸς
978 1609 1035 1676 τέο
1053 1609 1189 1702 αἰθέρα,

117 1711 161 1793 ὡς
190 1714 245 1780 καὶ
274 1711 309 1780 έν
337 1714 379 1777 ud
407 1715 448 1776 A.
475 1713 545 1792 (5⁴)
574 1709 687 1785 ainau
712 1712 880 1794 μυδαλέας
909 1711 945 1791 ἐξ
971 1710 1108 1802 αἰθέρος
1136 1715 1191 1780 καὶ

113 1816 197 1895 Ζεὺς
235 1811 264 1882 d'
297 1807 380 1896 ἔλαχ’
407 1807 578 1902 ,οὐρανὸν
602 1807 727 1900 ἐὖρὺν.
751 1810 786 1880 έν
819 1809 934 1902 αἰθέρι
968 1813 1023 1880 καὶ
1055 1815 1191 1902 νεφέεσ-

115 1944 164 1986 σιν
228 1917 291 1996 (0,
325 1917 432 1997 .192)·
482 1909 521 1980 οὗ
560 1913 623 2002 γὰρ
662 1911 697 1980 αἱ
728 1914 866 2004 νεφέλαι
903 1913 937 1983 ἐν
976 1918 1023 2003 τῷ
1064 1913 1190 2005 αἰθέρι..

117 2023 211 2100 (ΑΒ)
241 2019 319 2086 Nisi
348 2021 461 2084 emnia
488 2040 541 2083 me
569 2019 709 2099 saliunt,
739 2017 823 2086 haec
845 2021 1002 2103 exempla
1025 2041 1092 2084 nnn
1114 2027 1192 2108 sunt

119 2128 160 2190 ab
194 2121 393 2188 Aristarcho
425 2123 499 2207 (qni
530 2111 687 2186 subtilior
719 2130 793 2186 erat
824 2144 922 2208 quam
945 2131 982 2187 ut
1004 2125 1074 2188 illis
1094 2108 1211 2188 usum*

118 2226 357 2292 vocabulorum
388 2227 429 2290 ab
451 2227 526 2310 ipso
548 2221 760 2290 observatum
784 2229 975 2290 necessario
998 2227 1192 2308 perturbari

113 2331 289 2408 erederet)
311 2329 371 2393 sed
393 2329 557 2400 debentur
572 2330 758 2413 discipulis.
804 2330 882 2413 Ipse
898 2336 1023 2402 tantum
1039 2329 1192 2395 dixerat:

118 2427 201 2513 τάχα
230 2423 288 2496 οὖν
315 2435 479 2517 σοχχεῖται
508 2423 526 2494 ὁ
557 2423 621 2517 ἀὴρ
651 2426 736 2517 πρὸς
760 2428 820 2495 τὸν
847 2425 989 2530 αἰθέρα,
1013 2443 1099 2513 quae
1121 2453 1191 2496 uox

119 2542 171 2600 est
194 2536 414 2618 desperantis.
458 2532 584 2597 Mansit
607 2534 700 2596 incus
722 2535 756 2596 in
779 2532 1077 2613 „insoiubiiibns“.
1127 2533 1192 2598 Ni-

121 2659 222 2700 canor
253 2639 319 2702 sic:
353 2638 450 2700 τοῦτο
484 2630 653 2721 ἑκατέροις
689 2628 827 2700 δύναται
854 2629 1101 2722 προςὸίδοσθαι
1127 2637 1190 2708 (sc.
1234 2660 1265 2702 ·.

121 2735 258 2825 αἰθέρος
279 2737 314 2804 έκ
337 2735 440 2824 δίης)·
462 2734 500 2801 τὸ
529 2734 642 2826 μέντοι
670 2730 807 2824 ζήτημαΙ
823 2729 947 2819 ὁμοίως
967 2733 1068 2816 μένει.
1092 2727 1193 2821 ἀέρος

122 2838 184 2926 γὰρ
207 2834 305 2926 πάθη
327 2841 450 2906 ταῦτα·
477 2831 561 2920 τάχα
583 2830 642 2903 οὗν
662 2843 768 2904 κεῖται
789 2831 807 2902 ὁ
832 2833 936 2924 αἰθὴρ
958 2829 1031 2901 ἀντὶ
1050 2837 1111 2902 τοῦ
1133 2830 1191 2904 ἀέ-

121 2963 189 3030 ρος.
241 2942 418 3008 Caeterum
446 2937 515 3009 nee'
530 2938 633 3004 hodie
655 2941 757 3004 solvit
778 2942 955 3023 quisquam
979 2937 1068 3004 hano
1089 2951 1192 3022 quae-

122 3047 266 3108 stionem
297 3063 362 3114 nec
387 3045 498 3107 solvet
527 3044 617 3105 olim.
667 3041 704 3103 Si
735 3041 870 3124 quidem
898 3042 1113 3131 statuendum
1141 3047 1193 3106 est

123 3148 225 3218 ulium
258 3145 388 3228 antiqui
415 3147 506 3210 vatis
534 3145 570 3206 in
600 3143 653 3206 bis
677 3129 785 3206 inesse
807 3144 1004 3226 vestigium,
1037 3143 1191 3226 suspicer
1223 3189 1229 3220 ‚
1301 3201 1306 3233 ἒ

122 3249 159 3311 in
182 3248 288 3313 altero
309 3266 409 3312 versu
429 3246 537 3310 fuisse
560 3240 685 3330 αἰγίδος
706 3241 741 3308 έκ
764 3237 836 3330 δίης
857 3246 903 3320 (v,
927 3246 968 3323 A,
993 3248 1054 3312 167
1062 3250 1104 3324 *).
1125 3263 1127 3268 ·
1292 3237 1298 3247 s

186 3385 285 3450 Nunc
318 3384 564 3466 (praeterquam
597 3381 687 3463 quod
720 3402 786 3444 non
816 3375 939 3445 dicunt
965 3379 1099 3445 omnino
1131 3371 1190 3464 qui

123 3488 232 3551 iocum
265 3485 323 3549 hic
354 3482 475 3547 habeat
507 3475 660 3568 οὐρανος)
689 3485 862 3566 explicant
894 3478 1032 3571 αἰθέρος
1059 3479 1095 3549 ἐκ
1117 3476 1191 3568 δίης

124 3609 192 3668 „ex
214 3587 309 3651 coelo
331 3582 486 3648 sereno“.
530 3584 631 3660 Quod
652 3584 771 3648 salsum
795 3595 857 3649 est
1000 3650 1005 3654 ,

187 3691 278 3754 Vide
310 3705 463 3752 convexa
494 3688 597 3762 coeii
611 3688 751 3752 nubibus
774 3694 965 3770 ¹·cooperta,
1004 3684 1063 3750 hic
1095 3685 1190 3750 locus
1255 3763 1258 3770 Ι

123 3907 347 3924 ...ᾖ

178 4030 200 4091 ⁸)
218 4025 275 4082 Pro
293 4025 411 4100 οὐρανὸν
435 4027 497 4080 εἵσω
514 4027 653 4101 epitireion
673 4025 795 4094 Olympi.
