2878 4750
1038 319 1039 324 Ν
1099 370 1165 435 ιιι

94 543 181 627 igit,
206 557 270 626 ego
289 561 357 606 non
378 537 504 618 culleo,
532 558 618 626 quae
644 559 714 634 egu
727 499 860 620 calleo,
886 558 951 604 neu
969 536 1045 604 loco
1067 559 1168 623 prae-

91 648 186 710 senti
206 651 285 708 sunt
307 650 387 727 apta
407 661 475 708 nec
490 641 672 726 tempori“⁸
716 633 781 706 Sic
803 661 874 706 rem
895 646 1009 706 narrat
1029 641 1168 707 Maero-

52 783 54 801 ·
93 749 174 810 bins
205 747 341 810 Saturn.
375 745 524 824 v11,1,
558 750 727 809 mutuatus
753 765 773 807 a
801 741 990 808 Plutarcho
1010 742 1164 828 Sympos.

93 867 155 932 qu.
175 847 206 928 l,
228 852 260 924 l,
286 852 316 912 l.
360 845 556 917 Prudenter
575 845 761 910 Isocrates:
783 847 857 910 iure
875 846 1085 928 insipientes,
1107 845 1168 928 qui

93 951 202 1012 aliter
226 940 381 1031 ageient,
409 949 602 1031 vituperati.
657 947 712 1012 De
740 947 905 1012 eiusmodi
933 947 1171 1029 intempestive·

98 1050 204 1114 docto
232 1049 364 1114 Gellius
389 1050 419 1129 1,
448 1035 603 1132 l„Erut
625 1051 750 1114 ibidem
773 1050 945 1139 nobiscum
967 1049 1066 1112 simul
1088 1049 1168 1112 ado-
1254 1040 1256 1044 ’
1298 1055 1303 1066 “

94 1151 230 1218 lescens
254 1149 488 1236 philosophiae
515 1158 679 1234 sectatur,
710 1150 928 1233 disciplinae,
962 1156 999 1214 ut
1021 1152 1093 1234 ipse
1114 1152 1169 1214 di-

96 1256 214 1328 cebat,
226 1254 399 1344 'Qtoicam¹
428 1253 490 1318 sed
523 1254 699 1336 loquacior
720 1251 891 1336 impendio
906 1257 952 1316 et
967 1254 1169 1336 promptior.

95 1355 134 1420 Is
155 1356 383 1440 plerumque'
370 1377 404 1420 ιιι
426 1359 566 1421 conuiuio
587 1356 796 1430 sermonibus,
818 1359 873 1439 qui
890 1364 964 1436 post
985 1355 1091 1436 epulus
1112 1354 1173 1418 ho·

101 1459 174 1522 beni
192 1459 313 1538 solent,
339 1458 441 1524 multa
462 1463 563 1540 atque
584 1455 766 1520 immodica
787 1456 830 1522 de
850 1454 1087 1540 philosophiae
1110 1455 1170 1520 do-
1211 1491 1214 1496 ·

96 1562 220 1625 ctrinis
246 1559 480 1643 intempestive
509 1545 610 1640 alque
636 1529 790 1620 insubide
819 1555 1033 1622 disseremu‘
1062 1564 1095 1622 et
1116 1577 1170 1623 re·
1242 1551 1244 1558 ’
1310 1535 1320 1555 ’
1375 1553 1379 1566 ’

98 1663 212 1746 liqna,
240 1680 329 1746 quae
357 1660 483 1742 apud
473 1677 582 1741 ipsum
611 1657 757 1720 Gellium
780 1658 950 1740 legantur,
979 1659 1111 1739 vivide,
1134 1663 1172 1727 ut

99 1763 199 1842 solet,
222 1769 257 1826 et
279 1763 389 1857 lepida
410 1761 613 1862 referentem
648 1758 720 1838 (Cf.
739 1758 823 1839 XV,
845 1761 890 1838 l).
914 1790 954 1806 -
976 1759 1032 1823 Os.
1053 1759 1172 1844 Epict.

100 1865 134 1945 1,
155 1865 209 1944 26,
231 1865 264 1928 9.
307 1862 429 1943 11,·19‚
444 1863 483 1927 d.
575 1961 581 1974 ·

171 2067 213 2130 ht
239 2083 336 2149 quam
364 2065 555 2149 frequentia
584 2083 649 2146 per
674 2064 786 2128 omnia
806 2063 942 2128 saecule
962 2065 1173 2130 eruditorum
1198 2119 1201 2126 .
1273 2131 1276 2142 ¹

102 2171 267 2232 convivia.
288 2169 431 2246 suerint,
463 2186 530 2228 non
559 2186 603 2249 ex
631 2170 746 2230 nostra
772 2165 1014 2232 consuetudine
1042 2167 1196 2230 diiudi-·

104 2261 263 2334 caudum⁷‘
274 2277 341 2350 est
373 2270 434 2333 sed
462 2287 504 2332 ex
532 2270 682 2352 ipsorum
709 2288 771 2332 usu
802 2288 842 2331 ac
863 2270 1011 2332 moribus
1034 2287 1171 2352 pernos-
1230 2314 1232 2322 ¹
1280 2311 1282 2314 -

106 2374 256 2438 cendum.
299 2372 387 2436 Nam
410 2377 445 2434 et
467 2369 658 2454 philosophi
680 2377 855 2434 auctorum
875 2365 1076 2454 disciplinae
1091 2391 1172 2435 suae

104 2476 230 2538 natales
259 2474 490 2539 anniversaria
517 2475 689 2556 epularum
705 2471 902 2536 festivitate
931 2473 1205 2590 ipstaurabaptg

104 2577 194 2659 quod
226 2576 388 2658 Epicurei
421 2594 464 2638 ex
496 2576 638 2658 Epicuri
665 2580 870 2640 testamento
892 2574 1062 2637 faciebant
1082 2551 1203 2646 (Cic.lb
1253 2609 1255 2612 -

105 2677 161 2742 fin.
188 2678 237 2758 Π,
259 2681 310 2745 31.
361 2677 461 2759 Diog.
484 2675 545 2740 La
567 2675 616 2757 X,
641 2676 706 2754 18),
729 2676 789 2738 alii
810 2682 941 2758 sponte,
963 2681 1002 2738 ut
1023 2655 1200 2738 Socratis¹

106 2786 139 2842 et
159 2779 315 2843 Platonis
336 2779 530 2844 memoriam
552 2777 713 2860 quosdam
736 2777 881 2841 coluisse
903 2775 1043 2857 legimus
1064 2773 1172 2848 (Plut.

105 2899 159 2964 qu.
182 2879 297 2962 Symp.
318 2880 418 2954 vill,
443 2884 471 2943 1.
496 2879 618 2944 Euseb.
640 2899 754 2964 praep.
782 2899 836 2942 ev.
860 2877 910 2955 X,
932 2879 964 2957 3,
986 2876 1031 2940 cf.
1054 2874 1182 2959 Ruhn-¹

106 2980 182 3045 ken
217 2980 258 3044 de
289 2980 437 3064 Longin.
466 2981 493 3064 §.
528 2980 562 3058 8)
591 2985 626 3042 et
654 2979 802 3044 eiusdem
831 2978 967 3042 scholae
988 2981 1181 3042 sectatores·

106 3088 289 3146 conventus
311 3083 492 3167 epulasque
514 3081 666 3163 agebant,
689 3086 727 3143 ut
749 3081 889 3163 singulis
908 3080 1076 3144 mensibus
1090 3079 1173 3162 Epi-

105 3184 198 3250 cunei
225 3183 310 3256 (Cic
344 3178 1173 3277 Diog311,11),aiii(uthen.vp.is‘6a.x

104 3309 135 3370 p
169 3285 233 3350 419
266 3285 364 3366 d),
355 3303 559 3368 iuvenesque
587 3281 731 3350 studiosi
762 3285 954 3364 litterarum
982 3289 1067 3346 tum
1082 3285 1173 3346 inter

105 3407 178 3454 sese
210 3386 312 3466 (Geli.
352 3385 494 3466 XVIII,
510 3387 556 3450 nl
586 3385 672 3468 XV,
700 3387 735 3464 2)
764 3394 836 3452 tum
866 3384 955 3470 apud
981 3385 1171 3469 magistros,

108 3509 190 3574 quos
219 3509 293 3552 cum
322 3491 466 3555 maxime
496 3473 710 3554 nectebantur
738 3487 842 3568 (Gall.
870 3487 935 3562 VI,
972 3491 1021 3554 13.
1049 3484 1094 3550 cf.
1122 3483 1172 3574 11,

109 3593 159 3656 ll.
182 3589 250 3672 111,
274 3592 324 3657 19.
348 3589 454 3671 xix,
477 3591 524 3669 9.)
546 3592 674 3674 epulari
696 3591 868 3668 solebant,·
891 3587 977 3654 etsi
1000 3584 1173 3650 Musarum
1273 3573 1275 3578 ’

108 3712 202 3757 sacra
234 3692 373 3774 fierent,
406 3693 498 3778 quod
529 3714 558 3756 e.
591 3711 622 3775 g.
654 3691 796 3756 Athenis
828 3693 964 3756 solenne
993 3687 1099 3751 fuisse
1128 3702 1173 3750 ex

110 3793 284 3860 Plutarchi
306 3795 603 3880 Symposiacorum
625 3794 712 3876 libro
733 3795 851 3859 ultimo
873 3799 1032 3869 tenemuS,
1056 3787 1173 3853 eadem

105 3897 287 3973 festivitas3
315 3897 458 3982 denique
488 3916 602 3980 reges,
636 3901 807 3979 praetores
835 3895 939 3971 (Plau
964 3891 1077 3974 Symp.
1103 3873 1173 3969 IX,

112 4001 189 4078 in),
219 4001 354 4085 patroni
381 3997 471 4065 haud
500 4017 579 4064 reru
595 3995 644 4063 ad
666 3999 824 4062 convivia
844 3997 1014 4062 litteratos
1035 3994 1177 4058 clientes
1250 3980 1256 3996 ⁴
