2878 4750
549 1196 900 1386 Dissertatio
928 1257 1030 1382 111.

256 1555 329 1641 De
370 1550 656 1666 explicatione
694 1562 856 1666 poetae·
878 1561 1081 1668 quatenus
1110 1549 1271 1674 pendet
1300 1577 1325 1634 a
1419 1533 1420 1548 Ν

332 1759 344 1780 .
408 1689 585 1798 scientia
622 1689 880 1805 antiquitatis
902 1687 1176 1774 Homericae.
1206 1780 1235 1794 ¹

261 1958 352 2059 Tot
370 1979 610 2062 uocabulorum
632 2013 693 2062 usu
719 1994 912 2074 Homerico
925 1977 1176 2060 accuratissime
1196 1995 1328 2076 cognito
1419 1979 1420 2056 l

264 2100 361 2182 quasi
394 2099 648 2158 instrumentum
670 2096 736 2156 sibi
757 2101 936 2177 paraverat
957 2095 1195 2176 grammaticus
1218 2095 1329 2156 excel·

215 2265 218 2270 ,
263 2200 469 2264 lautissimus
490 2201 523 2258 et
546 2196 589 2258 ad
611 2196 716 2258 crisin
738 2189 967 2260 exercendam
981 2203 1014 2262 et
1036 2197 1080 2260 ad
1098 2198 1329 2279 antiquitatem

265 2301 482 2368 Homericam
520 2298 798 2380 pernoscendam,
843 2319 928 2382 quae
971 2301 1114 2364 scientia
1156 2307 1231 2362 cum
1273 2299 1332 2362 illa

268 2403 459 2468 arctissime
488 2401 666 2490 coniuncta
692 2407 726 2464 et
759 2421 909 2464 connexa
939 2406 1000 2464 est,
1051 2402 1234 2464 Praeterea
1255 2422 1331 2464 cum
1419 2397 1420 2490 J

269 2506 406 2570 eandem
437 2524 535 2588 quam
562 2505 628 2566 iarn
658 2506 874 2586 cognovimus
896 2505 1032 2568 afferret
1053 2503 1254 2568 observandi
1276 2503 1332 2565 di·
1419 2497 1420 2592 l

267 2608 438 2692 ligantiam
460 2612 496 2668 et
517 2607 739 2670 subtilitatem
759 2606 944 2688 iisdem-que
965 2607 1150 2669 rationibus
1172 2608 1332 2669 innitere·
1419 2605 1420 2662 l

127 2705 130 2710 ’
195 2754 199 2758 -
272 2721 346 2791 tur,
378 2717 415 2772 ut
444 2714 475 2775 et
496 2705 627 2770 fabulas
650 2715 683 2771 et
704 2713 816 2770 terrae
846 2709 995 2790 coelique
1017 2708 1277 2792 descriptionem
1296 2713 1344 2771 et
1419 2709 1420 2778 l

272 2821 379 2878 artem
407 2815 527 2894 poetae
556 2830 623 2872 non
652 2810 718 2872 nisi
747 2829 790 2872 ex
813 2801 885 2891 ipso
907 2830 1039 2892 unoque
1061 2811 1208 2873 Homero
1231 2831 1334 2893 expe·

272 2917 379 2992 diret,
396 2913 499 2976 ⁴hanc
520 2929 651 2996 quoque
685 2933 754 2974 rem
783 2913 924 2974 cessisse
948 2915 1071 2994 optime
1092 2913 1146 2976 vel
1168 2913 1338 2995 incognita

176 3077 179 3086 ,
274 3035 393 3079 caussa
422 3017 655 3100 concedemus,
704 3014 796 3076 Hinc
828 3014 1028 3094 allegoricae
1062 3016 1336 3102 interpretationi

278 3118 408 3181 obstitit
430 3117 478 3196 (v.
500 3109 608 3180 Wolf.
632 3138 662 3200 p.
679 3116 857 3196 CLXV),
881 3116 1066 3178 fabularum
1091 3119 1338 3180 enarrationem

276 3221 316 3283 ab
339 3218 428 3281 omni
450 3223 637 3300 temporum
658 3217 853 3282 confusione
875 3217 1071 3298 vindicavit,
1095 3239 1156 3281 nec
1178 3219 1211 3280 in
1228 3221 1339 3302 regio-

172 3312 174 3320 ’
276 3343 353 3384 uum
383 3340 445 3383 nec
470 3321 507 3382 in
536 3320 622 3381 coeli
654 3321 844 3399 cognitione
866 3321 940 3402 plus
961 3322 1081 3382 tribuit
1103 3327 1218 3403 poetae
1242 3341 1342 3404 quam

162 3483 164 3487 .
278 3425 431 3499 carmina¹
447 3413 630 3505 praestant,
654 3421 797 3505 denique
819 3415 982 3506 quidquid
1005 3423 1045 3485 de
1068 3425 1160 3485 cultu
1180 3425 1342 3506 uictuque

276 3524 612 3615 illorumhominum
643 3525 733 3588 scire
765 3545 898 3589 necesse
928 3529 993 3599 est,
1023 3526 1168 3589 inaxime
1191 3545 1230 3588 ea
1250 3527 1343 3588 unde

279 3629 422 3712 plurima
443 3627 600 3710 pendent,
623 3646 708 3710 quae
735 3629 856 3689 iterum
879 3629 1064 3711 iterumque
1086 3633 1274 3707 recurrunt,
1298 3649 1344 3692 ex
1419 3687 1420 3708 ,

278 3731 363 3813 ipsis
392 3731 553 3813 poematis
586 3749 710 3791 summa
733 3748 807 3790 cum
828 3730 1025 3801 assiduitate
1047 3732 1143 3794 eruit.
1166 3719 1167 3724 ἵ
1186 3725 1345 3796 Primum

281 3833 347 3895 boc
369 3831 453 3897 duce
474 3833 613 3896 coelum
626 3832 801 3895 lustremus
822 3839 856 3896 et
878 3835 1003 3916 Divos,
1026 3833 1102 3900 dein
1125 3832 1167 3900 ad
1189 3827 1345 3898 homines

221 4009 222 4016 ἵ
281 3936 380 4018 atque
400 3934 437 3998 in
458 3933 545 4000 hunc
568 3933 679 3998 orbem
702 3933 947 4000 descendamus,

729 4137 894 4152 muna-
