2878 4750
229 282 328 386 iro
410 325 443 344 ··

263 483 500 561 invitabant).
564 482 618 550 Cl'.
658 479 877 550 Eschenbnob
906 481 947 550 de
987 479 1140 567 Sympos.
1177 479 1340 566 Sapient.

263 586 292 660 i.
314 583 352 650 X
373 605 446 669 sqq.
493 584 622 650 Graves
644 585 747 666 igitur
768 605 808 649 ao
831 586 937 648 serias
960 585 1238 667 quaestuum&
1260 584 1338 648 lae-

261 681 307 752 tis
334 687 497 753 eiusmodi
525 687 662 751 circulis
691 687 925 750 excludebant.
977 684 1103 762 Qualia
1130 691 1250 750 contra
1272 686 1335 748 ad-

260 791 413 853 miserint
441 795 540 872 atque
567 789 801 871 probaverint,
832 807 874 851 ex
902 787 1106 868 Plutarcho,
1135 787 1332 867 Macrobio,

142 959 148 970 ¹
259 891 452 966 Athenaeo,
482 889 594 954 Gellio
623 889 831 973 intelligitur.
884 890 988 954 Gellii
1017 889 1260 980 quidemduas
1282 891 1332 952 le·

260 990 359 1074 pidas
398 990 681 1073 narratiunculam
721 991 841 1074 quibus
880 989 965 1054 haee
1003 991 1205 1056 convivandi
1236 994 1330 1054 ratio

260 1094 395 1176 egregie
422 1092 630 1174 illustratur,
663 1092 809 1154 orationi
837 1096 930 1155 meae
958 1091 1176 1157 includendas
1197 1096 1327 1177 putavi.

133 1223 139 1234 ·
175 1245 177 1248 .
258 1195 322 1273 vl,
359 1197 398 1262 13
428 1192 659 1274 „Factitatnm
691 1193 967 1276 observatumque
999 1194 1065 1258 hoo
1096 1193 1249 1258 Athenis·
1273 1203 1327 1259 est

259 1297 384 1378 abiis,
414 1295 472 1379 qni
495 1299 590 1358 erant
611 1293 813 1378 philosopho
836 1293 951 1358 Tauro
974 1297 1169 1362 iunctiores.
1213 1295 1327 1373 Quum

168 1445 171 1462 .
259 1397 392 1460 domurn
415 1415 506 1460 suam
528 1415 590 1460 nos
609 1403 766 1474 vocaret,
794 1415 835 1460 ne
856 1397 1008 1476 omnino,
1038 1403 1076 1460 ut
1099 1398 1240 1479 dicitur,
1264 1401 1326 1461 im·
1399 1432 1400 1448 ι

204 1539 207 1547 ·
257 1501 375 1563 munes
404 1504 438 1562 et
458 1497 626 1582 asymboli
652 1499 859 1578 veniremus,
892 1499 1161 1563 coniectabamus
1183 1499 1227 1563 ad
1249 1519 1326 1564 eoe-

256 1601 369 1666 nnlam
391 1621 456 1665 non
478 1599 637 1682 cupediae
659 1600 820 1679 ciborum,
843 1599 903 1663 sed
919 1603 1068 1681 argutias
1083 1593 1323 1686 quaestionum.

256 1705 491 1788 Unusquisque
513 1701 618 1783 igitur
638 1707 789 1764 nostrum
812 1707 1015 1764 commentus
1037 1708 1239 1786 paratusque
1252 1705 1324 1768 ibat

258 1807 348 1890 quod
370 1809 563 1889 quaererett
585 1808 725 1884 eratque
746 1801 881 1864 initium
904 1802 1064 1886 loquendi
1088 1804 1211 1867 edundi
1233 1803 1319 1870 finis.

257 1908 513 1984 Quaerebantur
544 1912 655 1969 autern
688 1923 755 1966 non
770 1905 902 1987 =gravia
931 1923 994 1966 neo
1025 1906 1229 1987 reverenda,
1262 1909 1321 1972 sed

255 2001 471 2092 ἐνθυμήματα
492 2004 655 2092 quaedam
674 2004 789 2087 lepida
810 2010 843 2066 et
865 2007 990 2070 minuta
1009 2013 1044 2070 et
1056 2005 1228 2084 florentem
1241 2000 1318 2072 vino

218 2176 223 2184 ,
256 2111 401 2172 animum
428 2106 637 2172 lacessentia.
693 2105 803 2181 Quale
831 2105 897 2168 hoc
917 2105 1025 2176 ferme
1048 2114 1099 2172 est
1120 2111 1316 2174 subtilitatis

256 2209 406 2290 ludicrae
428 2207 517 2293 quod
540 2207 661 2271 dicam.
708 2206 906 2284 Quaesitum
929 2215 1000 2288 est,
1022 2210 1159 2296 qnando
1174 2213 1317 2276 moriens
1373 2275 1377 2286 ,

248 2313 460 2396 moreretur,
493 2329 594 2394 quum
621 2310 689 2372 iarn
718 2310 754 2372 in
784 2313 1027 2392 morteesset,
1062 2331 1102 2374 au
1124 2327 1193 2375 tum
1212 2314 1314 2396 etiarn

221 2479 224 2484 ,
278 2434 354 2478 unm
376 2413 413 2476 in
434 2413 505 2476 vita
525 2411 634 2476 soretz
657 2415 691 2476 et
712 2410 846 2495 quando
867 2399 1009 2496 surgens
1027 2422 1196 2497 surgeret,
1218 2435 1316 2498 quum

252 2506 319 2579 narn
347 2519 470 2593 staret,
503 2534 546 2586 an
568 2518 639 2578 tum
661 2513 764 2577 etiam
786 2533 886 2595 quum
908 2511 1055 2580 sederet:
1079 2517 1191 2599 etqui
1213 2525 1315 2583 artem

113 2621 120 2634 '
232 2699 234 2706 .
253 2615 400 2680 disceret
419 2615 557 2700 qnando
574 2613 701 2678 artifex
721 2609 836 2694 fieret3
859 2637 956 2699 quum
979 2619 1045 2682 iam
1069 2626 1168 2698 esset,
1190 2603 1314 2682 au'turn

141 2715 144 2722 ’
252 2737 353 2802 quum
375 2719 473 2784 etiarn
495 2737 562 2782 nou
583 2712 707 2780 esset“.
753 2761 892 2782 .....
922 2717 1102 2795 xv111,.n
1124 2718 1313 2786 Saturnalia

250 2903 474 2923 Μ

302 3008 324 3064 ·)
342 3003 488 3059 norissima
505 3006 640 3064 recensui.
691 3007 754 3062 Non
773 3007 871 3064 desunt
896 3008 959 3062 elie.
1002 3009 1086 3077 Diog.
1115 3009 1170 3064 Ia:
1192 3009 1240 3075 11,
1264 3013 1313 3068 1³³

250 3088 284 3142 de
302 3089 464 3166 Menedemo
488 3091 534 3151 (cl.
557 3093 621 3148 Am.
647 3095 707 3152 420.
729 3096 780 3158 c.):
807 3083 842 3161 ἦν
865 3092 896 3148 dl
919 3095 966 3147 καὶ
992 3090 1177 3166 φιλοπόίοχος
1201 3097 1247 3148 καὶ
1265 3092 1311 3147 διὰ

248 3169 278 3230 τὸ
296 3173 413 3233 νοσῶδες
433 3175 478 3242 τῆς
496 3170 630 3248 Ἐρετρίας
650 3179 735 3232 πίείω
759 3175 887 3250 συνάγων
904 3176 1042 3249 συμπόσια
1048 3219 1055 3246 ,
1074 3180 1105 3234 ἐν
1124 3173 1162 3238 οἷς
1179 3181 1225 3232 καὶ
1242 3197 1310 3239 nov·

248 3259 340 3312 σικῶν.
357 3259 390 3312 V.
409 3258 462 3312 alla
480 3257 553 3320 Plut.
573 3260 668 3331 Syron.
688 3269 713 3326 1,
731 3249 819 3320 lo'in.
836 3266 882 3327 11,
906 3265 977 3320 din.
996 3266 1029 3333 V,
1047 3270 1065 3323 ‘l
1081 3263 1119 3319 in.
1136 3265 1169 3330 V,
1187 3272 1204 3322 3
1222 3264 1259 3318 iu.
1277 3265 1308 3330 V,
1360 3295 1369 3318 ι

247 3347 265 3399 5
281 3342 319 3397 in.
355 3342 427 3398 Hinc
444 3343 527 3399 fluxit
543 3345 688 3412 persuasio
704 3356 810 3414 septem
828 3349 966 3417 sapientes
985 3365 1039 3403 non
1063 3349 1226 3404 convenisse
1249 3359 1306 3402 tan-

165 3419 169 3426 ’
223 3438 319 3495 ¹turn,
345 3429 394 3482 sed
419 3429 595 3488 convivantes
620 3430 812 3486 confabulatos
837 3449 906 3488 esse.
953 3435 1026 3489 Plut.
1052 3433 1109 3490 Sol.
1136 3454 1160 3490 c.
1180 3439 1211 3498 6,-
1229 3444 1256 3488 et
1271 3440 1307 3491 tr

245 3513 377 3582 γενέσθαι
393 3511 423 3566 dl
441 3515 486 3566 ιιιιί
502 3512 561 3584 μετ’
586 3512 708 3582 dilinitura
725 3515 756 3571 ἔν
773 3533 801 3572 τε
816 3519 937 3588 Δελφοῖς
954 3513 1025 3581 ὁμοῦ
1041 3519 1176 3587 λέγονται,
1193 3521 1241 3572 καὶ
1256 3515 1310 3572 πά-

244 3599 288 3652 ίιν
311 3597 342 3650 ἐν
357 3602 500 3668 Κορίνθῳ,
527 3597 701 3675 Περιάνδρου
724 3598 865 3672 σύλλογόν
880 3622 941 3666 τινα
958 3601 1052 3661 κοινὸν
1069 3603 1159 3658 αὐτῶν
1176 3607 1222 3660 καὶ
1240 3619 1308 3673 σιιμ-

244 3678 343 3736 πόσιον
360 3679 623 3744 κατασκευάσαντος,
669 3685 722 3747 (Gi.
740 3683 804 3742 Aah.
821 3693 873 3747 463
889 3692 926 3751 c.)
945 3686 1021 3746 Suid.
1040 3687 1183 3758 ἒιικέκοφίί
1208 3685 1308 3757 inov-

243 3764 311 3834 σικὴ.
363 3770 451 3838 φασὶν
474 3764 515 3822 ὅτι
532 3771 587 3824 τῶν
603 3773 729 3824 παλαιῶν
752 3773 863 3833 ἰπνοῖς
885 3777 1048 3836 συμποσίοις
1070 3769 1207 3843 φιλολόγῳ
1234 3772 1307 3842 ζητή-

243 3864 285 3903 σει
305 3855 458 3926 χρωμένων
481 3855 508 3908 οἱ
535 3849 649 3933 ὕστερον
673 3851 720 3914 τὰς
743 3856 931 3927 μοιίσοιιργοὺς
953 3862 1001 3911 καί
1026 3863 1212 3931 κιθαριστρίας
1239 3856 1307 3926 elei*-

199 3999 201 4003 .
241 3943 344 4008 γνγον·
370 3932 437 3992 ὅθεν
458 3933 505 4004 τὴν
520 3942 700 4004 ’καινοτομίαν
715 3941 785 4006 τινὲς
802 3937 957 4011 αἰτιώμενοι
973 3945 1004 4016 τῇ
1021 3945 1160 4021 σοροιμίᾳ.
1174 3945 1303 4020 ἐχρῶντο.
