2878 4750
263 363 329 432 22⁰

266 537 396 604 Achilli
426 557 545 606 nomen
576 537 665 607 luter
695 533 847 622 virgines
877 532 1017 602 fuissett
1072 530 1165 612 Quid
1196 533 1339 600 Sirenes

268 647 405 708 cautere
433 645 501 707 sint
520 638 677 706 solitue“.
726 640 781 704 De
801 637 978 719 lladriauo
999 635 1198 724 Spartianus
1219 658 1249 702 c.
1272 639 1342 702 iile

267 744 394 828 „Apud
415 743 686 828 Alexandriam
675 764 712 806 ru
731 741 850 809 Museo
877 741 1001 808 multus
1021 741 1234 824 quaestiones
1255 761 1338 824 pro·

266 845 452 911 sessoribus
473 847 651 931 proposuit
671 849 705 914 et
726 843 950 932 propositns'
938 861 1038 990 ipse
1036 840 1228 907 dissolvit“
1267 842 1337 905 Im-

265 937 460 1015 peratorum
488 952 569 996 veru
598 950 732 996 suorum
756 930 871 998 studia
891 949 949 1014 qur
995 926 1115 992 mirum
1138 934 1189 992 est
1210 929 1337 992 servile

266 1029 438 1098 hominurn
459 1033 578 1150 vulgus
600 1033 785 1100 aemulatos
807 1031 902 1098 essei
923 1032 1046 1098 Jureu.
1069 1027 1140 1096 Set.
1162 1028 1249 1111 VII,
1271 1029 1336 1094 229

352 1134 421 1198 Sed
441 1155 502 1203 uos
523 1153 641 1224 saepae
662 1135 824 1220 imponite
843 1134 946 1218 legen,

216 1296 220 1302 .
343 1235 398 1300 ut
417 1237 631 1321 praeceptori
650 1237 827 1304 verborum
849 1236 965 1320 regule
986 1239 1129 1316 constet,

352 1337 400 1400 Ut
413 1339 510 1420 legat
530 1339 710 1421 historias,
732 1345 885 1406 unctores
906 1342 1039 1404 noverit
1060 1355 1187 1418 omnes,
1228 1373 1237 1432 ‘.

351 1439 527 1524 Tanquam
547 1461 673 1526 ungues
694 1441 885 1526 digitosque
905 1461 1006 1508 suosz
1026 1447 1063 1504 ut
1076 1439 1165 1506 forte
1182 1443 1330 1522 rogatus,

355 1541 445 1605 Dum
472 1545 558 1627 petit
586 1550 643 1628 eut
669 1543 817 1608 thermus
833 1535 898 1608 'eus
919 1539 1051 1607 Phoebi
1074 1543 1209 1624 balnea,
1243 1542 1335 1606 dicet

308 1695 318 1712 .
354 1641 531 1710 Nutricem
553 1642 734 1728 Anchisae,
755 1665 874 1710 nomeu
893 1646 1105 1730 patriumque
1125 1663 1293 1736 povercee

355 1744 567 1826 Ancbimoli3
590 1749 683 1811 dicut
703 1754 787 1832 quot
806 1747 946 1812 Acestes
966 1746 1095 1810 uixerit
1116 1765 1229 1822 enuoS,

358 1847 450 1924 Quot
472 1847 606 1915 Siculus
626 1835 821 1934 Pbrygibus
842 1850 914 1912 vini
936 1849 1110 1914 donaverit
1131 1865 1245 1912 urnas.

270 1950 338 2025 (Cf.
361 1950 502 2013 Lucien.
525 1969 625 2016 merc.
641 1953 745 2036 ¹cond.
768 1971 798 2015 c.
822 1950 888 2024 ll).
930 1949 1179 2020 Hinclecumen
1199 1951 1333 2034 estepi-

269 2054 471 2138 grammatis¹
495 2052 585 2133 quod
606 2052 648 2116 de
669 2051 809 2120 leerio
831 2051 959 2118 Getone
980 2049 1163 2138 Bibaculus
1185 2053 1333 2145 scripsit,

270 2154 406 2218 Suetou.
429 2153 479 2214 ill.
501 2173 638 2238 gramm.
662 2173 693 2218 c.
716 2159 756 2219 ll

359 2255 502 2318 Catonis
522 2251 631 2330 modo,
655 2255 763 2333 Galle,
785 2253 1013 2322 Tusculanum
1091 2287 1093 2292 ·

364 2357 454 2420 Tota
476 2357 626 2420 creditor
647 2358 728 2422 urbe
748 2347 954 2448 venditabutt

291 2529 294 2536 Δ
356 2458 476 2522 Mirati
497 2477 626 2543 sumus,
649 2461 782 2524 unicum
801 2462 1022 2544 magistrum·

356 2561 526 2624 Summum
543 2563 807 2644 grammaticum,
830 2565 990 2648 optimum
1010 2564 1157 2647 poetam,

355 2666 467 2736 Omnes
487 2665 605 2728 soluere
622 2685 718 2746 posse
738 2669 945 2755 quaestiones,

359 2767 468 2830 Unum
490 2763 632 2832 difficile
655 2767 815 2850 expedire
837 2788 989 2835 nomen.

344 2869 413 2932 Eu
435 2888 496 2932 cor
518 2868 699 2946 Zenodoti,
723 2891 763 2934 en
786 2871 881 2935 ieeur
900 2870 1062 2937 Cratetis.
1150 2909 1153 2914 -

272 2970 426 3051 Denique
461 2969 574 3034 eedem
609 2973 741 3036 rutiouc
774 2971 920 3052 Quintil.
953 2975 1030 3038 inst.
1060 2991 1109 3036 or.
1138 2972 1167 3054 1,
1196 2973 1270 3059 ip.
1291 2975 1333 3040 28

164 3073 165 3078 ’
272 3070 386 3135 Burin.
409 3071 682 3165 „Grummeticus
704 3094 835 3160 quoque
857 3074 899 3139 de
920 3077 1051 3140 tutione
1072 3076 1230 3160 loquendi
1246 3076 1333 3142 edis-

276 3179 384 3252 seret,
413 3177 606 3256 quaestiones
633 3177 787 3259 explicet,
815 3175 978 3242 historias
999 3185 1158 3261 exponet,
1181 3185 1333 3263 poemata

277 3259 443 3342 enarret‘i
493 3275 589 3340 llaec
617 3277 764 3360 undique
791 3284 955 3344 resonant.
1000 3279 1132 3344 Laudes
1154 3281 1219 3344 sibi
1241 3283 1333 3346 vide-

237 3367 238 3374 '
277 3381 336 3442 bat
337 3396 378 3439 ur
406 3375 601 3461 praedicate
628 3379 744 3448 nescio
772 3379 848 3462 quis
876 3379 1008 3464 ineptus
1035 3383 1271 3468 grammaticus
1291 3384 1333 3448 dc

276 3482 425 3599 Satyrq,
460 3499 534 3543 cnm
567 3480 730 3544 scriberet
761 3479 828 3562 (up.
854 3479 955 3546 Phct.
985 3502 1018 3568 p
1048 3487 1123 3562 151)
1144 3475 1332 3571 Σάτυροςὸ

270 3573 483 3668 Ἀριστάρχου
505 3572 665 3667 γνώριμος
686 3577 724 3663 ζῆ
704 3603 765 3644 ιτα
786 3575 926 3648 ἐκαλεῖτο
949 3581 1060 3650 tab
1025 3607 1063 3649 eo
1087 3580 1314 3673 §pepetndv’
1274 3610 1333 3652 αυ-

274 3685 351 3760 τοῦ,
386 3690 419 3748 et
447 3683 490 3747 dc
515 3682 694 3766 Apollonio
723 3683 874 3766 Dyscolo
903 3694 1018 3752 auctor
1038 3690 1129 3754 ritae
1152 3692 1242 3771 eius,
1277 3692 1336 3774 qui

273 3785 340 3854 hoc
372 3805 554 3906 coguomep
587 3785 903 3852 excellentissimum
937 3792 1186 3870 grammaticum
1217 3774 1348 3914 repqrm

276 3895 365 3952 tasse
398 3883 542 3966 dicit,‘
529 3882 601 3950 ότι
612 3883 647 3950 dv
674 3889 746 3962 τοῖς
772 3882 966 4010 yppucdmg
997 3885 1210 3970 dugldeovg'
1190 3887 1337 4012 unope'dg

275 3984 396 4124 disper·
421 3977 507 4071 ἔθος
534 3985 596 4078 γὰρ
625 3977 663 4058 iu
689 3991 758 4074 τοῖς
779 3982 930 4079 ἄρχαίοις
950 3991 1068 4077 σοφοῖς
1087 3987 1134 4072 εἰς
1117 3987 1267 4062 ἔνι’
1230 4015 1338 4062 conoe
