2806 4756
246 405 311 486 1³⁶

250 578 454 647 tutissimum
475 573 611 641 videtur
631 577 780 648 statuere
801 599 868 648 non
890 578 927 644 in
948 579 1102 646 omnibus
1122 581 1341 668 regionibus,

247 684 306 749 ubi
328 681 440 763 lingua
463 677 613 745 Graeca·
605 679 870 766 -dominaretur,
901 684 1022 750 necin
1043 686 1200 750 omnibus
1223 708 1335 752 voca-

247 785 335 851 bulis
357 783 445 847 idem
466 783 630 850 valuisse:
652 786 755 850 sicuti
767 785 912 850 Romani
931 777 1143 870 quantumvis
1156 788 1202 851 ad
1215 791 1337 874 adspi-

247 891 411 954 rationem
421 887 636 970 promtioreS,
649 905 827 972 uunquam,
839 889 973 971 opinor,
996 887 1206 973 Philhippus
1221 896 1335 977 scrip-

249 997 374 1055 serunt
399 989 550 1052 Graecos
561 988 685 1053 Italiae
697 989 740 1054 ad
756 991 1061 1075 pronuntiationem
1075 991 1220 1074 spiritus
1232 997 1335 1078 paulo

248 1093 356 1177 magis
374 1091 562 1166 inclinasse,
585 1107 629 1155 ex
648 1091 693 1154 iis
707 1111 793 1175 quae
804 1092 905 1176 paulo
917 1097 996 1156 ante
1007 1093 1177 1178 disputata
1187 1103 1274 1160 sunt
1286 1099 1334 1159 nl-

39 1215 41 1218 ’
134 1251 137 1255 .
247 1203 304 1262 tro
326 1197 477 1260 nascitur
502 1194 670 1276 suspicio:
693 1193 777 1258 illud
801 1193 943 1258 alterum
964 1196 1019 1263 vel
1040 1217 1085 1260 ex
1105 1199 1334 1264 antecedente

248 1283 351 1363 litera
370 1296 548 1383 pendebat,
570 1296 623 1362 vel
646 1296 737 1379 quod
757 1297 793 1358 in
815 1297 1013 1388 quibusdam
1032 1299 1221 1380 vocabulis,
1235 1303 1333 1386 ‘quae

247 1406 385 1485 possent
406 1397 595 1481 composita
615 1399 753 1479 videri,
779 1402 998 1465 commissura
1018 1399 1146 1466 hiabat.
1193 1401 1271 1466 Per
1294 1425 1330 1468 se

249 1505 337 1568 cuim
360 1500 464 1566 facile
485 1503 522 1564 iu
544 1502 788 1584 compositione
809 1503 973 1586 aspiratio
988 1503 1147 1568 eliditur:
1172 1504 1217 1567 nd
1234 1495 1327 1589 qarod

166 1591 176 1609 ⁶
248 1603 398 1670 advertit
430 1622 491 1666 nos
523 1603 619 1668 locus
650 1605 784 1689 quidam
819 1606 967 1690 Apuleii
993 1605 1037 1670 de
1070 1599 1329 1690 orthographia

248 1707 277 1791 §.
308 1710 351 1774 63
379 1705 553 1790 „Anhelo,
583 1705 738 1788 athalo,
767 1691 856 1772 inde
878 1707 1069 1790 descendit,
1099 1725 1175 1772 cum·
1196 1712 1329 1796 aspira-

249 1812 342 1875 tione
363 1816 553 1874 auuotatur.
603 1808 672 1872 Sed
693 1799 816 1873 'Plinio
838 1812 874 1872 iu
896 1812 1136 1894 compositione
1158 1813 1326 1896 aspiratio

251 1910 461 1977 colliditur“.
507 1909 597 1974 Mihi
617 1910 763 1974 nondum
785 1907 918 1975 constat
944 1920 1055 1975 utrum
1078 1911 1234 2000 φιλέλλην
1261 1909 1325 1980 sim

154 2033 179 2094 ς
248 2035 293 2080 an
315 2011 484 2102 διλὲλλην.
528 2011 629 2098 Apud
650 2013 793 2094 Atticos,
818 2034 901 2099 quos
912 2015 1195 2096 vulgaris'deihde
1207 2017 1325 2098 lingua

244 2109 364 2185 ‘secuta
377 2121 440 2196 est,
451 2115 530 2178 ¹iam
545 2121 672 2178 mature
683 2115 794 2188 media
808 2115 868 2178 illa
880 2115 1091 2202 aspiratioin
1102 2119 1257 2202 plurimis
1271 2119 1322 2182 vel

248 2219 383 2283 evanuit
394 2218 448 2280 vel
461 2215 534 2280 fere
546 2215 697 2282 delituit:
714 2218 859 2281 obtinuit
870 2219 904 2282 iu
916 2221 1044 2302 paucis)
1056 2241 1140 2304 quae
1151 2241 1218 2283 non
1230 2241 1319 2283 com-

152 2406 155 2412 Ι
247 2321 361 2404 posita
373 2319 433 2382 sed
443 2319 599 2402 apposita
610 2324 722 2382 essent
744 2337 806 2382 nec
826 2320 926 2404 longo
944 2341 1005 2384 usu
1016 2321 1143 2385 latebat
1155 2325 1322 2386 iunctura:

248 2421 338 2488 Nam
359 2413 461 2496 διδνι,
497 2425 531 2484 et
552 2412 623 2484 εἶσδ
652 2421 823 2504 Apollonii
844 2421 991 2506 Dyscoli
1013 2425 1220 2507 temporibus
1240 2440 1319 2508 pro-

249 2525 435 2588 nuntiatum
473 2509 598 2604 fuisse,
624 2523 769 2607 ¹aliquot
801 2523 884 2587 mihi
916 2527 987 2588 eius
1019 2526 1321 2609 testimoniaper-

249 2630 436 2692 suaserunt.
486 2626 541 2692 De
569 2627 706 2710 syntaxi
735 2647 766 2710 p,
796 2627 869 2707 319,
899 2629 939 2690 13
968 2621 1137 2714 πρόδηλον
1164 2623 1227 2714 γὰρ
1258 2619 1320 2690 κίοι

249 2731 307 2815 σῆς
339 2721 497 2812 συνούσης
525 2722 661 2802 δασείας
689 2719 733 2802 ὥς
762 2717 821 2808 οὗχ
849 2723 883 2792 (ἓν
911 2722 1040 2794 ἁπλοῦν
1069 2725 1138 2794 ε’στι·
1160 2723 1197 2792 τὸ
1221 2721 1317 2793 διότι.

249 2833 291 2897 de
310 2833 391 2895 coni
412 2851 445 2914 p.
468 2831 542 2910 509,
568 2830 607 2894 18
629 2827 685 2894 καὶ
699 2829 806 2916 ,δῆλον
826 2826 880 2894 δτι
900 2827 938 2895 τδ
961 2824 1066 2908 διότι,
1089 2828 1159 2910 ἔχον
1180 2825 1238 2915 τὴν
1259 2823 1319 2894 αδ-

247 2932 305 3020 νὴν
328 2923 558 3007 ἀνταπόδοσιν,
581 2928 644 3011 ἔχει
666 2927 847 3016 ἐγκείμενον
869 2929 1034 2997 παιανικὸν
1055 2929 1093 2996 τὸ
1117 2926 1192 3008 ὅτι,
1216 2929 1319 3017 σαφὲς

248 3036 369 3101 ποιοῦν
390 3026 453 3098 κάκ
473 3033 533 3098 τοῦ
553 3026 748 3152 πνεύματος
771 3031 860 3099 καθὸ
880 3025 1006 3120 pinpo}
1030 3034 1155 3099 δασεῖα.
1178 3032 1221 3097 δε
1241 3035 1316 3097 adv.

248 3139 323 3220 612,
357 3130 444 3201 12‘
428 3129 483 3198 'dcc
509 3126 729 3256 πρωνόνυπόν
757 3127 827 3200 ἔστι
854 3136 920 3199 τῶν
946 3129 993 3212 εἷς
1023 3127 1069 3213 ὡς
1097 3128 1313 3222 ληγόντων
1280 3159 1316 3200 σο

249 3236 333 3318 εἰος,
362 3236 478 3358 δῆλον,
511 3228 551 3299 οδ
571 3231 635 3321 μὴν
655 3232 693 3299 νδ
723 3229 996 3318 ἰσοδυναμοῦν
967 3229 1055 3314 εισό,
1084 3233 1173 3302 καθδ
1201 3233 1258 3302 καί
1285 3234 1319 3302 ἕν

249 3335 334 3428 τόνῳ
371 3335 435 3404 καὶ
454 3355 493 3402 εν
515 3329 677 3417 πνεύματι
706 3330 909 3460 ε’πισιίρσειος
937 3333 1112 3404 ἐδέετο·
1094 3363 1129 3404 εν
1157 3327 1318 3420 πνεύματι

248 3442 309 3529 μὲν
338 3431 411 3518 οὖν,
430 3430 487 3516 ὥς
513 3429 675 3502 ἆδόναιόν
701 3435 826 3503 ἐσσι
792 3462 849 3523 νην
870 3435 905 3504 dr
926 3433 1075 3526 φωνήεσι
1105 3437 1278 3505 δασεῖαν
1260 3437 1319 3506 επὶ

250 3535 380 3621 σέλαος
396 3533 564 3630 εὓρίσθαι
618 3541 664 3605 ct.
696 3545 786 3624 synt.
819 3543 954 3623 ρ.333,
984 3546 1025 3607 10
1057 3536 1292 3608 ἐνεκλίνετο
1253 3563 1316 3639 γαρ

251 3651 313 3730 (sc.
336 3648 372 3710 in
394 3633 517 3724 είσό)ε
499 3663 519 3726 η
541 3633 706 3728 πρόθεσις
727 3637 764 3720 ἐξ
784 3634 952 3719 ὀξείας
912 3659 1039 3719 τασεως
1059 3635 1106 3718 εἷς
1112 3627 1318 3760 παράθεσιν

210 3797 212 3802 -
250 3739 610 3866 παραλαριβανομὲνρ,
623 3737 707 3830 ὅπερ
729 3737 961 3832 παρεπόμενόν
983 3739 1053 3810 ἐστι
1073 3735 1166 3829 πόσῃ
1188 3741 1318 3862 πρρθέ-

251 3867 319 3916 σει·
348 3841 465 3936 μόριόν
493 3869 528 3912 σε
549 3843 587 3910 τὸ
609 3837 628 3909 ό
651 3837 788 3923 ὥξόνετο
809 3843 894 3929 μετὰ
915 3845 975 3910 τοῦ
995 3834 1148 3920 συνόντος
1168 3837 1316 3965 πνεύμα-

251 3973 322 4028 τος,
353 3939 372 4016 δ
406 3940 637 4037 παρεπόμενον
662 3936 702 4031 ἦν
723 3941 814 4038 παίσῃ
836 3939 981 4024 λίξει’
944 3968 1004 4012 ουκ
1025 3937 1152 4032 ἐχούσῃ
1165 3939 1234 4032 πρὸ
1253 3937 1315 4010 αδ-

251 4053 318 4131 nie·
340 4045 453 4140 ἑτέραν
480 4047 578 4129 λέξιν.
626 4047 746 4125 Nonne
766 4047 851 4116 haec
872 4051 970 4114 certo?
986 4048 1187 4114 testantur
1175 4065 1213 4112 m
1233 4063 1313 4114 vere
