2876 4746
233 360 276 436 64

1146 431 1153 462 l

232 521 481 618 acaddacoa
502 517 781 616 ὂἍρίςιιρχοε
800 517 977 614 ἀφῆκεν·
1001 519 1035 591 ἓν
1055 519 1164 592 τοίννν
1184 526 1226 613 τῇ
1239 526 1301 592 Φι-

232 625 374 715 λίμονοζ
407 627 564 720 ἐφέρετο·
583 622 624 694 ,ὃ
664 625 701 695 δὲ
728 621 888 714 Πήδασον
919 618 1040 713 ἤλασεν
1064 621 1192 692 ἵππον·
1231 621 1303 694 ἔστι

233 730 297 822 γάρ
318 727 374 799 ὅτε
394 730 453 800 ἐπί
472 735 531 818 τῆς
552 725 643 812 (add.
668 729 860 821 πορρωθεν)
888 729 1015 817 πληγῆς
1035 725 1073 794 τὸ
1096 722 1216 816 ἤλασεν
1236 731 1303 796 κεῖ-

234 853 299 911 ται,
324 828 369 912 ὡς
389 831 448 901 ἐπί
469 835 529 900 τοῦ
547 825 683 925 Ἀρήιον
704 833 754 908 (P,
777 835 869 912 517),
892 829 971 908 „noi
991 825 1092 914 βάλεν
1110 825 1301 920 Ἀρήτοιοίι,

232 929 307 1004 εἶτα
328 932 481 1024 ,νειαίρῃ
503 929 532 1000 d'
557 929 592 1000 ἐν
612 931 728 1021 γαστρί
749 931 806 1000 διὰ
829 932 993 1022 ζωστῆρος
1014 931 1180 998 ἔλασσεν“.
1215 933 1303 998 Ver-

234 1061 293 1105 sor
320 1041 357 1104 in
385 1038 609 1118 testimoniis,
643 1039 763 1121 quibus
792 1033 956 1120 quaedam
984 1037 1118 1120 egregie
1151 1055 1305 1120 compro-

235 1126 357 1206 bantur
383 1140 599 1224 gravissima,
628 1159 714 1224 quae
742 1141 820 1204 aliis
840 1139 941 1204 liuius
962 1140 1115 1224 opusculi
1136 1138 1305 1222 capitibus
1362 1200 1367 1212 ,

244 1242 452 1308 confirmavi.
498 1234 599 1318 Quod
621 1262 688 1305 non
709 1243 855 1334 gloriose
878 1241 966 1321 dico,
988 1241 1048 1306 sed
1069 1239 1113 1304 ad
1133 1240 1305 1305 tutandam

238 1348 425 1410 veritatem.
480 1343 547 1408 Sed
580 1343 669 1429 quod
703 1344 749 1408 de
780 1345 924 1427 pessima
944 1343 1013 1410 fide
1036 1343 1239 1410 scholiastae
1267 1341 1303 1404 V

237 1448 396 1528 disserui,
418 1445 474 1509 hic
496 1447 720 1511 certissimum
741 1447 970 1512 documentum
985 1453 1048 1512 est.
1082 1447 1118 1510 Is
1136 1447 1225 1510 enim
1239 1441 1306 1508 hoo

237 1550 314 1614 loco
337 1549 386 1614 ita
407 1549 545 1630 scribit·
569 1541 708 1614 οὐτάσαι
735 1545 773 1612 τὸ
797 1545 833 1613 ἐκ
853 1543 963 1637 χειρὸς
986 1549 1126 1636 τρῶσαι·
1158 1544 1306 1612 ἐνταῦθα
1345 1589 1349 1600 »

238 1649 313 1718 δέ
297 1649 354 1718 επὶ
370 1677 432 1738 τοι
401 1641 550 1733 βαλεῖν
572 1651 618 1737 ml
636 1645 688 1744 (nir
677 1671 757 1734 μασι
778 1647 940 1740 κέχρηται.
963 1647 1050 1736 λέγει
1067 1648 1128 1736 γὰρ
1146 1651 1304 1736 ,,Σαρπη-

240 1751 306 1820 dclv
338 1747 367 1820 d
404 1742 506 1819 αὐτοῦ
536 1751 596 1836 μὲν
628 1747 861 1873 άπρμβροτεν“
894 1747 1025 1838 ὕστερ’
1011 1749 1069 1817 επὶ
1095 1752 1160 1816 τῶν
1187 1743 1305 1838 ἀφιέν-

237 1881 302 1924 τιον
322 1849 487 1922 τάσσεται.
533 1853 603 1919 διὸ
626 1854 695 1920 καί
716 1849 869 1942 γράφει
886 1807 1178 1942 Ἀρίσταρχος·

463 1950 481 2019 ὁ
504 1955 542 2022 δὲ
562 1949 722 2040 Πήδασον
744 1949 867 2038 άγλαίιν
888 1951 1010 2029 ἵππον,-

285 2053 344 2122 τὸν
365 2053 408 2146 (ui
432 2049 506 2122 ποτ’
527 2052 705 2134 Ἠετίωνος
727 2052 809 2120 ἑλὼν
829 2049 929 2121 πόλιν
950 2047 1041 2140 ἤγαγ’
1059 2049 1233 2138 Ἀχιλλεύς,

282 2154 322 2236 ὃς
342 2157 397 2222 ναὶ
419 2156 542 2244 θνητὸς
563 2151 625 2222 ἐὼν
647 2153 743 2222 ἕπεθ’
766 2155 888 2233 ἵπποις
909 2149 1137 2233 ἀθανάτοισιν,

282 2256 340 2325 τὸν
359 2253 442 2341 βάλε
464 2255 571 2336 δεξιὸν
592 2249 692 2342 ὦμον.
716 2294 757 2308 -

247 2345 251 2358 ’
304 2362 371 2425 Ain
403 2360 512 2424 verol
567 2359 744 2426 Eiusmodi
777 2361 1004 2426 additamenta
1035 2382 1080 2427 ex
1110 2361 1188 2426 aliis
1220 2361 1310 2432 locis

240 2465 435 2532 Homericis
468 2465 613 2547 repetita
645 2463 699 2530 vel
728 2457 976 2550 consarcinata
991 2471 1050 2528 aut
1077 2465 1151 2549 ipse
1179 2461 1309 2548 fingere

242 2569 332 2635 solet
354 2567 573 2632 Aristarchus
594 2573 652 2630 aut
674 2567 771 2631 etiam
796 2568 831 2630 in
850 2565 969 2631 codice
983 2573 1117 2650 reperta
1133 2566 1312 2650 recipere?

246 2672 321 2736 lmo
350 2689 433 2735 vero
461 2675 530 2733 tam
556 2669 743 2754 suspiciosa
771 2667 891 2751 habet,
923 2675 961 2732 ut
980 2668 1234 2733 in'reiiciendis
1254 2667 1309 2733 vel

243 2775 341 2838 obelo
372 2772 528 2836 notandis
557 2773 660 2836 etiam
689 2773 796 2835 iustos
827 2771 988 2836 terminos
1010 2771 1174 2836 excedere
1193 2771 1311 2835 videa-

241 2881 310 2963 tur.
349 2875 431 2938 Sed
458 2893 562 2976 porro
590 2873 674 2937 haec
701 2873 962 2938 consider-‚emus
1014 2873 1084 2938 Hic
1104 2893 1167 2938 nec
1189 2873 1309 2937 doctus

243 2997 306 3041 nec
336 2978 493 3060 antiquus
522 2970 759 3059 grammaticus
781 2977 868 3041 unde
889 2975 1126 3041 Aristarcheas
1148 2977 1310 3042 lectiones

245 3099 344 3164 quam
373 3077 543 3163 Didymus
572 3085 777 3162 cognoverat
808 3079 945 3158 meliuS,
978 3079 1036 3163 qui
1067 3083 1104 3142 et
1135 3082 1311 3162 utramque

245 3180 353 3244 oculis
376 3182 551 3263 usurpavit
572 3179 754 3246 editionem
776 3169 968 3252 hristarchi
991 3181 1313 3262 commentariosquo

245 3283 321 3346 eius
347 3281 519 3363 librosque
546 3279 749 3346 Homericos
782 3283 825 3348 ad
852 3303 967 3347 veram
988 3281 1240 3347 Aristarcheam
1262 3281 1312 3343 le-

246 3386 396 3450 ctionem
427 3383 668 3466 expiscandam
700 3383 876 3448 adhibuitl
935 3385 1092 3468 Denique
1124 3390 1194 3447 tam
1224 3385 1312 3446 bona

246 3483 372 3552 utimur
397 3483 551 3566 fortuna,
580 3491 619 3549 ut
650 3505 750 3568 quarn
781 3486 868 3550 nihil
889 3486 945 3550 hic
966 3487 1151 3552 scholiasta
1171 3485 1313 3551 sciverit

246 3588 291 3652 de
322 3586 541 3652 Aristarchea
571 3587 719 3652 lectione
739 3575 834 3652 hac
825 3608 899 3672 ipsa
920 3586 955 3652 in
978 3610 1015 3653 re
1035 3587 1234 3680 testificatus
1256 3588 1325 3650 sia

247 3689 388 3756 Scilicet
419 3708 463 3754 ex
494 3690 560 3754 ista
591 3689 738 3774 Didymi
768 3692 985 3756 annotatione
1016 3681 1221 3773 patefactum
1249 3693 1312 3767 cst,

246 3791 336 3857 hunc
362 3769 461 3856 ιιιιιίιιι
493 3787 529 3855 in
558 3791 778 3857 Aristarcheo
806 3792 957 3856 Homero
985 3792 1177 3856 occurrisse
1209 3790 1240 3854 ei
1263 3791 1314 3853 lo·

247 3914 343 3973 cam,
376 3915 442 3978 quo
463 3891 527 3958 lex
555 3894 597 3960 de
623 3914 686 3960 usn
713 3896 869 3962 vocabuli
895 3886 1030 3975 βάλλειν
1049 3894 1194 3976 migrata
1214 3899 1353 3981 esset,

249 4003 425 4080 praeterea
450 3997 588 4060 nullum.
638 3997 720 4061 at
711 4019 746 4061 ιιι
767 4020 806 4064 ca
828 3996 1043 4077 recensione,
1075 4015 1143 4082 qua
1164 4016 1225 4060 nos
1246 3995 1313 4059 uti-
