2876 4746
1124 381 1165 444 ιι

96 559 168 620 471.
192 555 235 626 Χ,
257 553 310 620 38.
332 564 373 636 ψ,
394 550 469 617 790.
490 548 552 626 (cs.
570 547 690 626 aasz
713 548 864 627 auditib-
895 547 1053 614 Ceterum
1077 569 1170 614 meae

94 655 384 740 interpretationis
406 653 584 736 vestigium
604 662 656 716 est
677 654 712 714 in
732 653 846 734 glossa
866 671 911 716 ex
931 650 1038 717 schol.
1058 651 1169 716 Palat.

96 759 199 822 allata
230 758 272 820 ad
305 754 333 836 ζ,
365 757 439 820 2⁰1.
470 749 579 842 διερός
608 747 803 836 βλαπτικός.

161 860 260 927 Alios
282 857 442 940 quosdam
453 876 585 920 errores
596 850 772 938 grrn'viores
784 853 874 921 infra
890 855 1029 920 iunctim
1039 875 1168 940 ponam.

96 961 201 1028 Nunc
219 959 366 1044 singulas
386 958 577 1023 Aristarchi
601 961 854 1024 observationes
875 958 1041 1021 lectorum
1063 959 1171 1021 oculis

97 1067 251 1129 oblatum
278 1063 344 1126 ibo.
398 1062 613 1145 [ltprimum
646 1060 803 1146 proximo
836 1061 947 1143 capite
982 1060 1170 1143 exemplum
1243 1089 1246 1094 ·
1332 1093 1337 1105 ·

16 1217 20 1225 .
98 1165 326 1252 pertractabo,
347 1163 436 1230 unde
447 1165 595 1229 omnium
616 1165 742 1247 optime
762 1163 836 1228 eius
848 1162 938 1227 ratio
956 1164 1169 1246 perspicitur.

578 2068 626 2144 ,Q
654 2065 700 2145 ll.

422 2229 574 2314 Βάλλειν,
598 2232 748 2316 οὐτάσαι,
770 2239 845 2306 sim.
902 2297 909 2323 ,
974 2299 977 2310 .

168 2359 204 2433 6.
221 2363 251 2424 l.
281 2357 321 2422 ln
342 2358 409 2423 hoc
431 2358 641 2443 explanando
662 2378 758 2443 agam
780 2379 879 2445 quam
894 2345 1019 2444 ‘potero
1042 2359 1175 2424 curiose

105 2461 283 2545 omniaque
305 2462 596 2544 grammaticorum
619 2462 813 2525 testimonia
841 2468 999 2526 accurate
1021 2463 1174 2528 enotabo.

107 2561 203 2626 Haec
235 2565 323 2628 enim
356 2584 455 2647 saepe
486 2563 714 2646 perlustrare,
744 2584 883 2648 quorum
906 2563 1096 2629 laetabilem
1118 2579 1176 2626 co'-

106 2667 195 2748 piam
227 2667 315 2730 bona
336 2667 486 2751 servavit
506 2664 664 2745 fortuna,
695 2667 789 2730 visus
821 2687 893 2730 sum
915 2667 998 2729 mihi
1022 2665 1117 2754 quasi
1141 2667 1177 2727 in

107 2770 255 2832 intimam
292 2769 435 2832 istorum
468 2769 762 2852 grammaticorum
800 2767 965 2831 fabricam
996 2769 1175 2850 inspicere.

105 2871 256 2954 Apparet
275 2871 312 2932 in
333 2870 494 2953 magistro
517 2869 635 2934 sollers
657 2871 838 2954 ingenium,
861 2866 1189 2952 exacta'cliligeutia,

106 2992 162 3036 ars
190 2975 225 3032 et
248 2973 333 3034 ratio
361 2981 466 3064 paene
487 2979 716 3037 consummata
746 2979 780 3035 et
800 2970 903 3039 hodie
924 2976 977 3033 tot
999 2973 1177 3055 interposi-

106 3073 154 3136 tis
186 3071 331 3134 saoculis
360 3071 396 3134 in
424 3075 541 3158 paucis
572 3074 733 3138 reiicula:
766 3077 905 3158 apparet
936 3075 971 3137 iu
1000 3074 1178 3160 discipulis

107 3180 234 3260 quanta
253 3163 377 3234 harum
392 3177 555 3240 virtutum
576 3175 682 3240 suerit
702 3176 885 3260 persuasio,
908 3183 1031 3260 quanta
1051 3177 1087 3240 in
1108 3176 1178 3240 col-

107 3277 252 3359 ligendis
274 3277 566 3356 summidoctoris
589 3271 881 3346 observationibus
894 3279 1068 3360 sedulitas,
1094 3298 1177 3362 quas

108 3385 218 3442 tamen
256 3377 381 3461 partim
412 3398 472 3442 ore
498 3377 642 3470 traditas
674 3383 797 3464 partim
827 3401 889 3465 per
922 3380 1179 3457 commentarios

109 3483 251 3563 sparsim
274 3480 437 3542 disiectas
458 3499 693 3566 nonnunquam
714 3483 756 3546 ab
779 3503 831 3564 eo,
855 3484 946 3568 quod
968 3488 1087 3546 auctor
1107 3481 1174 3546 sibi

108 3582 272 3662 voluerat,
295 3581 401 3653 nescii
423 3579 617 3647 deflectant.

172 3700 317 3785 Triplex
339 3699 382 3766 de
403 3702 508 3766 verbo
528 3693 664 3783 βάλλειν
677 3702 879 3768 Aristarchi
901 3694 1099 3768 observatio
1115 3705 1176 3766 est.

170 3817 203 3883 1.
244 3813 387 3884 Ballista
406 3840 474 3883 uon
496 3820 621 3884 dicitur
641 3823 707 3884 nisi
731 3821 773 3886 de
794 3820 893 3887 hasta
913 3821 967 3886 vel
990 3821 1111 3904 sagitta
1122 3820 1176 3884 vel

107 3921 242 3986 omnino
264 3921 307 3986 de
327 3922 451 3988 missili
472 3922 562 4009 quod
588 3922 715 3986 eminus
739 3925 896 4004 iactatur,
919 3923 1033 4008 itaque
1056 3921 1177 3987 distin·
1216 3941 1220 3950 ·

107 4024 220 4106 guitur
240 4023 284 4088 ab
311 4014 460 4102 οὐτάσαι,
487 4017 593 4106 τύψαι
599 4053 622 4100 ,’
640 4017 735 4102 abiut
742 4073 753 4106 ,
781 4023 923 4110 πλῆξαι,
954 4045 1040 4110 quae
1060 4031 1178 4092 contra
