2878 4750
1116 375 1180 444 ιιι

20 599 21 602 =
87 551 338 644 συνέρχεσθαι
359 547 416 619 και
434 543 615 640 pumenius
633 541 727 638 χάριν
748 531 995 634 αἰνιγματώδεις
1018 543 1108 626 ιινᾶς
1128 543 1185 612 καὶ

101 653 260 745 ,ἀσαφεῖς
288 652 393 733 λέξιις
413 651 637 742 φθέγγεσθαι,
672 667 886 748 quamquem,
919 651 950 714 si
971 650 1104 714 omnino
1125 670 1184 713 uo·

117 762 220 824 minis
248 759 338 823 ratio
367 777 388 822 a
417 756 538 822 studiis
559 744 742 841 repetenda
762 757 852 834 erat,
881 752 1006 816 rectius
1025 751 1183 825 dixisset,

92 915 94 917 .
118 863 252 928 venisse
273 861 306 922 ei
327 857 394 922 hoc
416 877 632 943 cognomen,
644 858 735 942 quod
747 851 863 920 'homo
876 856 990 949 gravis
1012 873 1053 917 ac
1073 853 1183 916 tristis

118 963 162 1028 ed
181 964 292 1027 *iocos
323 961 481 1045 lususque
508 962 699 1024 litterarum
725 977 801 1025 cum
825 955 1182 1041 cohortegrammati·

118 1083 236 1128 corum
258 1062 469 1128 descsndere·
480 1055 661 1128 fastidivit.

182 1197 247 1264 llis
274 1196 451 1284 postulatis
477 1197 508 1264 si
536 1189 739 1282 'respondere
770 1195 929 1273 volebant
960 1181 1182 1279 grammatici,

117 1301 150 1366 si
170 1321 288 1385 magna
308 1321 386 1386 pars
407 1297 493 1364 nihil
515 1301 704 1364 metuebat
702 1301 809 1382 magis
829 1317 930 1384 qaam
950 1318 992 1363 ne
1014 1298 1183 1382 quaestio·
1197 1382 1199 1386 Ι

117 1403 231 1467 nibus
228 1422 315 1466 non
345 1400 509 1466 baberent
539 1405 676 1485 paratas
704 1402 910 1492 solutiones,
944 1401 975 1464 si
1006 1399 1184 1495 studebant

119 1506 221 1568 etiam
241 1503 415 1567 subtiliter
436 1506 538 1585 atque
553 1509 681 1584 argute,
704 1504 838 1568 etiamsi
852 1521 1023 1586 perverse,
1046 1491 1185 1584 respon-

118 1605 227 1669 dendo
239 1603 473 1690 commendare
484 1621 557 1668 sese
567 1603 642 1666 vel
634 1623 667 1666 ιιι
680 1606 823 1686 gratiam
834 1604 1066 1686 opulentorum
1077 1602 1185 1665 bomi-

116 1729 193 1770 num
212 1707 394 1785 insinuare‚
410 1723 479 1768 non
494 1703 715 1768 laudabuntur
725 1703 871 1794 quidem,
889 1704 950 1768 sed
961 1701 1185 1788 epuduequos
1269 1697 1279 1718 ’

117 1827 229 1873 rerum
251 1807 469 1870 humanarum
490 1806 721 1870 aestimatores
742 1804 879 1869 facilem
895 1803 1064 1868 habebunt
1082 1823 1184 1870 excu-
1246 1857 1249 1860 .

117 1913 292 1974 sationem.
320 1905 483 1972 'Factum
513 1913 565 1972 est
593 1910 661 1971 ita:
690 1912 792 1990 atque
820 1905 906 1970 haec
937 1907 1099 1971 iactantia
1128 1903 1193 1985 vel',

112 2011 266 2094 alioquin
286 2029 403 2094 parum
428 2009 545 2074 doctos
565 2010 621 2074 uel
642 2009 833 2092 ingeniosos
854 2007 1001 2088 inflavit,
1024 2009 1087 2074 teli
1111 2030 1185 2074 eru-

117 2113 246 2177 ditione
273 2113 456 2182 subnixum
495 2110 626 2178 Gellius
653 2112 765 2196 capite
794 2109 833 2174 X
861 2111 942 2174 libri
964 2115 1074 2178 octavi
1096 2133 1185 2177 nunc

118 2213 289 2297 deperditi
309 2217 525 2290 narraverat,
538 2259 540 2268 ι
555 2219 595 2277 ut
617 2216 759 2298 epitome
781 2212 929 2294 indicat,
963 2215 1097 2301 „qualis
1119 2217 1185 2278 sibi
1213 2199 1217 2230 ³
1269 2291 1270 2296 ἵ

115 2313 221 2380 fuerit
248 2317 285 2378 in
317 2316 443 2400 oppido
462 2311 623 2380 Eleusine
644 2314 844 2400 disceptatio
867 2334 941 2406 cum
963 2320 1183 2400 grammatico

107 2417 259 2502 ,quodam
297 2417 539 2502 praestigioso,
580 2423 739 2500 tempora-
769 2418 948 2482 verborum
980 2423 1015 2481 et
1046 2415 1186 2484 medita·
1271 2463 1273 2468 .

116 2523 228 2584 menta
256 2520 402 2602 puerilia
416 2520 634 2603 'ignorantes
655 2524 860 2582 remotarum
881 2523 990 2582 autem
1012 2513 1186 2602 quaestio-

117 2612 202 2691 n'um
217 2621 325 2685 ululas
346 2629 381 2686 et
401 2619 601 2685 formidines
622 2618 796 2703 capiendis
817 2620 1048 2702 imperitorum
1065 2621 1186 2688 animis

118 2720 382 2801 ostentante“*).
433 2721 528 2798 Quid
554 2720 766 2805 quodetiam
789 2722 845 2784 sui
865 2720 1052 2784 ostentandi
1074 2721 1186 2804 gratia

118 2822 277 2886 aeroases'
293 2823 464 2888 faciebant
485 2823 637 2908 publice,
660 2822 695 2885 in
715 2819 857 2903 onibus,
880 2827 917 2885 ut
937 2819 1042 2885 hodie
1062 2824 1183 2890 musici
1226 2872 1228 2876 -

107 2923 227 2990 ‘solent
257 2923 405 2988 themata
437 2945 499 3009 per
536 2925 650 2999 uarias
682 2923 926 3002 modulationes
958 2941 1001 2985 ex
1033 2926 1185 3006 tempore

119 3029 369 3107 persequentes
388 3035 573 3109 poetaeque
600 3023 776 3102 subitarii,
806 3024 1047 3106 extemporales
1067 3044 1186 3108 posce·
1256 3026 1274 3104 J

54 3157 58 3164 ·
118 3128 198 3202 bant
213 3128 452 3208 quaestiones²
495 3127 589 3190 Plut
612 3117 1185 3212 Qu.symp.111,1.0o1³0‹lp

119 3223 240 3308 στίχον
250 3221 417 3311 αἰτήσαντι
437 3225 651 3314 γραμματικῷ
672 3223 860 3311 ποιουμένῳ
882 3221 1010 3304 δεῖξιν
995 3251 1087 3314 erup
1071 3221 1194 3294 esd.

122 3350 190 3415 epp
210 3323 444 3414 προτείνας

185 3457 196 3479 ·
235 3436 323 3538 ’bpp'
348 3441 383 3510 ἐκ
404 3437 504 3529 νήσου
526 3445 655 3511 θᾶσσον
677 3443 838 3546 ἒλέγχισιι
862 3439 1009 3526 ζωόντων

119 3646 343 3665 ,ιιι-ιιι*

169 3767 195 3830 *l
213 3767 267 3824 Qui
286 3767 407 3846 meminit
424 3765 516 3834 quid,
520 3760 613 3833 ,ὄντας
628 3761 841 3840 γραμματικόν*
857 3765 996 3834 significet
1013 3765 1085 3838 apud
1104 3764 1183 3821 Sext.
1214 3739 1218 3744 .

119 3849 232 3920 Ειιηιίι.
254 3853 314 3905 adv.
342 3851 462 3905 Giffemm
487 3869 510 3906 c.
536 3857 579 3909 13
594 3851 608 3915 5
631 3857 714 3918 2³17,
710 3854 855 3907 concedet
879 3851 947 3904 mihi
965 3849 1068 3914 tellum,
1087 3851 1191 3918 quales

118 3933 168 3988 hie
185 3935 299 3989 Gellius
320 3935 458 4005 depingit,
478 3936 610 3994 ιιιίιιιε
637 3937 869 4006 philosophorum
887 3933 969 3991 lestui
987 3936 1102 4054 egregie
1118 3937 1183 3990 sub

59 4054 62 4060 -
120 4029 229 4075 venturu
246 4035 342 4076 esse.
1114 4045 1129 4057 ¹·
1174 4053 1181 4058 -
