2858 4754
1414 569 1415 600 l

282 613 354 690 τοῖς
365 604 511 696 βιβλίοις
523 603 668 699 σημείων
687 607 812 693 (Suid.)
833 615 868 678 et
878 611 1046 694 Suetonii,
1067 610 1165 680 euius
1185 611 1275 680 idem
1293 613 1339 681 in·
1414 625 1415 696 l

278 714 345 781 dex
376 713 437 790 (id.
463 733 492 780 s.
518 707 753 801 Τρᾶγιιυλλος),
772 713 935 779 uidentur
954 717 1068 798 potius
1089 715 1126 778 in
1146 717 1340 801 explicando
1414 789 1415 794 ,

276 821 418 883 externa
444 820 598 880 notarum
627 813 737 882 forme
764 819 893 882 versuti
922 837 997 882 esse
1024 823 1058 882 et
1085 817 1169 902 qnid
1189 820 1335 904 singulae
1414 835 1415 890 ἶ

274 921 408 984 notoe'
398 939 435 982 ιιι
455 918 596 1002 nugaris
618 919 840 1004 scriptoribus
868 941 913 984 ex
933 915 1226 1002 grammaticorum
1246 943 1335 987 more

273 1020 469 1085 indicarent
496 1021 685 1104 expositum
706 1020 872 1086 habuisse.
927 1021 1062 1086 Etenim
1084 1022 1218 1086 eaedem
1240 1031 1336 1090 notae

274 1123 386 1188 alie
374 1143 412 1186 ιιι
441 1121 521 1186 aliis
548 1123 772 1207 scriptoribus
800 1121 1047 1207 significabant.
1074 1103 1107 1189 ui
1136 1123 1269 1212 Meuag.
1297 1128 1337 1194 ad

274 1223 377 1309 Diog.
399 1223 462 1290 Le.
483 1223 552 1308 111,
573 1226 627 1293 65
1414 1251 1415 1258 “

315 2251 486 2380 Didymi
504 2277 597 2354 liber
620 2278 666 2354 de
689 2279 906 2356 Aristarchi
928 2245 1087 2354 editione
1108 2278 1415 2384 Homeri.1

271 2396 331 2478 De
355 2397 593 2476 adornatione
617 2398 755 2474 codicis
783 2400 914 2477 Veneti
932 2397 981 2476 A.
1007 2395 1217 2474 Herodiuni
1240 2397 1336 2476 liber

421 2515 467 2592 de
485 2517 665 2622 prosodia
685 2517 897 2595 Homerico.
932 2517 1182 2629 ¹Serraclr'rrim.

266 2763 297 2849 ξ,
318 2739 349 2834 1]
398 2723 456 2830 Si
468 2755 602 2842 quidem
613 2753 762 2820 laborum
771 2757 976 2837 nostrorum
987 2747 1073 2844 quos
1083 2755 1224 2820 eliorum
1233 2772 1336 2820 cause

268 2860 487 2944 suscepimus,
517 2856 607 2922 haud
625 2847 898 2944 contemnendum
920 2859 1105 2944 praemium
1127 2863 1178 2924 est
1197 2857 1230 2924 si
1251 2855 1335 2942 quid

265 2955 356 3030 inde,
389 2959 448 3025 vel
488 2960 539 3024 ud*
573 2979 636 3026 nos
678 2961 771 3044 ipsos
812 2979 880 3024 non
921 2966 1122 3046 quaerentes
1165 2958 1334 3024 redundat

265 3061 495 3142 emolumenti,
533 3060 610 3126 hoo·
637 3061 856 3128 Aristarchus
887 3067 1049 3146 expertus
1080 3065 1140 3127 est.
1194 3061 1333 3127 Etenim

235 3207 237 3220 .
265 3183 364 3249 quem
395 3167 501 3228 artem
521 3165 694 3229 subtiliter
714 3165 960 3250 diligenterque
981 3169 1131 3229 tractare
1155 3163 1331 3241 docuerat,

262 3284 338 3330 eam
380 3263 551 3349 Didymus
588 3270 656 3330 t'am
695 3267 829 3352 egregie
860 3267 905 3330 ad
938 3266 1106 3332 editiones
1137 3265 1333 3330 Aristarchi

262 3363 470 3435 Homericae.
487 3367 651 3449 adhibuit,
673 3372 713 3431 ut
734 3368 820 3433 nihil
841 3368 924 3434 mihi
945 3369 1103 3434 uideatur
1129 3368 1166 3431 in
1186 3365 1253 3432 hoc
1274 3387 1335 3448 ge-

261 3487 344 3552 nere
364 3467 456 3553 ungi
483 3489 581 3555 posse
608 3467 806 3553 perfectius.
856 3467 1033 3534 Eiusmodi
1062 3471 1188 3548 libros,
1211 3468 1334 3552 quoles

261 3571 453 3637 Aristarchi
474 3572 540 3636 suit
561 3571 667 3636 editio
690 3557 850 3652 Homeri,
880 3592 947 3656 quo
969 3576 1019 3636 tot
1039 3573 1235 3647 nitebantur
1257 3570 1334 3634 eius

260 3675 509 3754 commentarii,
540 3674 628 3738 unde
630 3672 848 3758 proticisci,
881 3692 947 3759 quo
975 3673 1089 3740 redire
1118 3672 1234 3736 schole
1256 3671 1333 3736 eius

261 3771 424 3878 debebat,
464 3771 645 3876 diligenter
678 3795 758 3870 esse
796 3771 986 3863 descriptos
1017 3774 1165 3838 dubitari
1196 3774 1332 3858 nequit.

260 3843 417 3956 Attdipen
445 3865 541 3958 nulla
567 3854 705 3958 ratione
727 3878 813 3952 satis
840 3882 976 3962 poteret
1003 3877 1140 3956 caueri,
1170 3896 1214 3943 ne
1246 3875 1334 3960 quid

258 3977 495 4061 gliscentibus
508 3979 651 4044 seecnl'm
670 3999 776 4062 preve
798 3979 1050 4044 describeretur
1069 3978 1332 4062 compluresque
1385 4035 1386 4044 ,
1414 4021 1415 4034 ,

202 4169 204 4181 Ι
260 4077 328 4160 locu
356 4079 600 4162 invenirentur,
629 4081 752 4165 quibus
775 4087 864 4164 quae
886 4077 1077 4152 Aristarchi
1099 4080 1307 4147 editiones
1289 4097 1332 4143 se
1363 4142 1367 4150 ,
1414 4081 1415 4142 i
