2806 4756
118 295 297 414 ..οτι
397 343 401 351 ·

237 501 366 568 tesibus
403 495 583 582 separatim
622 493 707 560 dixi.
780 491 835 556 De
875 487 1052 554 zenodeto
1089 485 1312 568 sic'ffiudipo,

239 604 450 686 Quamquam
481 618 549 664 non
569 600 698 675 omnia,
731 595 768 657 iu
798 589 921 679 quibus
952 592 1172 656 Aristonicus
1199 595 1314 657 utitur

182 731 186 738 ·
237 703 402 772 uocabulo
424 695 611 787 Ζηνόδοτος
630 694 768 783 ἐποίησε
794 695 850 759 vel
870 691 1078 791 μετέγραφε,
1101 693 1313 759 coniecturis

235 807 364 889 ¹similia
390 807 486 884 sont,
518 805 631 867 tamen
658 806 694 865 et
723 803 879 863 constans
899 802 1052 864 veterum
1072 800 1310 877 grammatico-

236 929 312 976 rum
334 906 473 992 opinio,
495 925 562 989 qna
582 905 657 988 ipse
677 900 798 966 ductus
820 900 1032 965 Aristonicus
1054 901 1216 969 nonnulla
1237 903 1312 965 eins

186 1025 191 1035 ’
239 1013 454 1082 coniecturae
482 1007 604 1072 tribuit
623 1023 711 1090 qnae
731 1001 931 1081 Zenodoteo
958 1011 1114 1088 ¹tempore
1146 1007 1183 1067 iu
1213 1005 1313 1067 libris

235 1113 446 1193 ferebantur,
459 1116 493 1176 et
503 1111 675 1192 complura
686 1109 877 1173 certissima
888 1108 1113 1192 exemplunou
1124 1109 1240 1170 sinunt
1249 1125 1314 1168 nos

104 1267 109 1278 .
239 1217 397 1282 dubitare
417 1203 500 1297 quin
520 1213 604 1276 satis
614 1211 726 1274 libere
740 1209 777 1272 in
792 1210 1013 1294 scriptoribus
1027 1210 1219 1274 tractandis
1234 1229 1313 1288 rer-

238 1323 333 1391 satus
365 1316 410 1382 sit
441 1313 712 1395 coniecturisque
743 1311 933 1378 indulserit.
970 1353 974 1362 ,
998 1311 1066 1378 Sed
1096 1313 1243 1396 primurn
1267 1330 1313 1375 ex

238 1439 305 1484 uno
328 1418 479 1484 alterove
499 1414 664 1480 calidiore
685 1415 806 1480 critico
827 1415 997 1480 nonlicet
1018 1416 1061 1482 de
1081 1416 1194 1480 solitis
1230 1417 1316 1478 isto-

106 1591 109 1596 ,
238 1541 315 1586 rum
343 1519 528 1584 rationibus
554 1519 781 1584 coniecturam
808 1517 984 1596 tacerer*)
1011 1516 1197 1592 deinde-
1219 1516 1315 1601 qnod

238 1623 298 1688 bic
318 1624 427 1708 magis
447 1619 812 1706 spectandum-quod
827 1622 862 1684 in
877 1621 1058 1701 Zenonem
1073 1619 1202 1686 factum
1217 1619 1314 1699 ride

154 1745 157 1750 ·
238 1745 314 1790 mus
334 1725 401 1790 boo
423 1731 679 1791 consentaneum
707 1730 758 1789 est
787 1721 865 1787 fieri
897 1725 955 1788 ubi
986 1725 1133 1808 primum
1158 1743 1217 1788 ars
1244 1726 1314 1786 cri-

238 1829 312 1893 tico
331 1829 483 1894 nascitur
503 1832 542 1893 ut
562 1827 734 1911 aliquanto
764 1824 905 1890 liberior
925 1826 989 1891 sit·
1019 1827 1110 1909 qnorl
1137 1813 1221 1890 item
1241 1827 1313 1910 pri-

111 1949 113 1956 *
238 1931 304 1994 ruis
324 1936 403 2013 post
429 1930 601 1996 renatas
591 1950 629 1993 ιιι
659 1928 762 1994 Italia
793 1929 924 1994 litteras
951 1929 1161 2014 temporibus
1188 1928 1310 1995 evenit.

240 2031 387 2096 Scilicet
406 2033 552 2116 primurn
571 2037 642 2096 tum
663 2018 814 2096 elaborat
833 2036 872 2096 nt
892 2033 1090 2124 scriptores,
1108 2030 1309 2115 qnospauci

238 2151 321 2198 mss.
356 2139 535 2214 corruptos
563 2131 740 2215 exhibent,
774 2135 847 2200 sine
874 2153 1002 2200 summa
1029 2133 1215 2198 offensione
1240 2132 1308 2216 legi

240 2234 392 2316 possint,
414 2235 536 2317 partim
558 2233 760 2319 imperfecta
779 2257 835 2302 ars
857 2236 962 2300 multa
989 2256 1057 2301 non
1077 2235 1268 2318 intelligit'
1258 2257 1314 2297 ιιι-

242 2335 398 2436 scientia,
421 2354 507 2418 quae
527 2336 620 2400 tollit
639 2357 683 2400 ne
705 2337 788 2420 qnid
810 2339 999 2422 reliquatur
1018 2337 1119 2423 quod
1130 2337 1308 2402 absordum

243 2457 317 2502 esse
338 2443 444 2520 putat.
488 2436 555 2502 Sed
576 2439 795 2521 gliscentibus
817 2433 949 2517 studiis,
973 2441 1149 2504 codrcrbns
1159 2441 1308 2521 plumbus

242 2541 382 2624 paratis,
405 2559 517 2628 rerum
539 2543 771 2624 sermonisque
791 2542 937 2607 scientio
957 2544 1101 2626 uulgata,
1124 2549 1198 2607 arte
1209 2544 1309 2619 mter

241 2641 399 2726 pretendi
430 2642 584 2724 exculta,
623 2644 739 2708 multis
771 2644 1023 2708 obscurioribus
1051 2645 1138 2708 locis
1166 2663 1229 2729 per
1252 2665 1308 2707 ra-

241 2745 371 2808 riorum
392 2745 576 2808 tentamina
595 2744 730 2826 tandem
752 2746 939 2826 reclusis,'
928 2761 969 2808 ιιι
987 2747 1152 2812 arctiores
1172 2767 1210 2812 se
1226 2745 1309 2810 fines

242 2844 432 2926 contrabit,
455 2849 490 2912 et
523 2865 588 2928 quo
619 2849 725 2929 magis
756 2847 859 2931 primi
889 2847 1045 2930 magistri
1074 2855 1309 2932 peccaverunt,

243 2967 285 3022 eo
307 2948 414 3028 magis
435 2948 501 3011 iarn
522 2947 596 3030 ipso
617 2948 872 3014 contradicendi
893 2951 1005 3015 studio
1034 2950 1078 3014 uu
1098 2951 1215 3015 fontes
1234 2971 1310 3015 suos

242 3050 438 3114 revertitur.
501 3047 583 3114 Fuit
616 3051 838 3116 Anacreontis
865 3052 961 3116 locus
992 3045 1205 3117 eiusmodi’
1184 3055 1312 3137 cynric

197 3236 200 3242 Ι
243 3139 300 3220 οἷά
322 3159 359 3214 τι
378 3146 493 3235 νεβρὸν
517 3148 682 3238 νεοθηλέα
708 3148 902 3238 γαλαθηνὸν
925 3143 1009 3230 ὅς’
991 3177 1026 3219 εν
1053 3149 1116 3240 ὕλη
1136 3151 1311 3240 κεροέσσης

176 3301 180 3310 .
243 3243 507 3336 ἀπολειφθεὶςι
489 3249 556 3316 υπὸ
578 3248 705 3341 ματρὸς
730 3247 892 3341 ἐπτοήθη.
946 3255 1000 3320 De
1020 3253 1094 3321 lroc
1106 3257 1309 3322 tradituma

188 3373 191 3378 ¹
242 3351 340 3418 schol
360 3351 462 3418 Pind.
485 3351 545 3450 Ol.
566 3354 632 3432 111,
653 3357 697 3422 52
716 3355 896 3510 ¹(Didymo)
922 3351 1107 3456 Ζηνόδοτος
1132 3353 1308 3444 μετεποίη-

242 3553 468 3574 m

293 3690 323 3763 *)
336 3689 425 3749 Hoc·
415 3709 444 3746 ιιι
461 3652 668 3761 posterioribus
690 3713 801 3766 qnoque
820 3697 962 3765 aetatibus
983 3697 1168 3754 diiudicauffls
1183 3715 1219 3754 ne
1235 3699 1308 3756 obli·

226 3773 360 3832 ,ritem
404 3773 517 3834 Quintil.
534 3782 596 3848 1x,
618 3788 655 3848 4
671 3786 731 3848 39,
733 3782 907 3850 ,Quaedam
897 3801 926 3838 ιιι
931 3781 1084 3840 veteribus
1101 3784 1184 3840 libris
1201 3799 1309 3858 reperta

199 3869 203 3874 '
239 3867 350 3918 nutare
364 3861 487 3932 imperiti
512 3866 603 3920 solent
628 3876 657 3924 et
679 3867 743 3932 dum
761 3867 936 3924 librariorum
960 3869 1091 3926 insectari
1109 3871 1230 3926 volunt
1221 3873 1309 3928 rusci

91 3967 155 4052 ,ω
243 3940 314 4020 tium
324 3959 401 4004 enom
421 3947 618 4023 confitemimi
666 3952 736 4019 Turn
753 3969 852 4024 severe
868 3950 990 4024 indicunt
1006 3955 1057 4014 de
1058 3955 1285 4026 coniectantibus.
