2876 4746
200 371 266 476 tr

167 607 171 632 ,
200 549 287 623 riam
309 543 425 623 iecere
444 555 582 623 uiderer
603 555 801 640 legentibus.
856 555 970 624 Locus
997 553 1056 620 hic
1078 555 1130 620 est
1151 553 1274 679 (praef.

202 676 274 727 voc.
296 658 400 746 Hipp.
423 679 456 744 p.
462 635 600 739 tou)‘'
580 680 644 725 οοα
664 653 775 724 τοίνυν
795 657 860 723 Ιτῶν
870 650 1051 782 ὀνομάτων
1074 649 1109 723 ἓν
1128 655 1189 739 μεν
1206 659 1278 736 τοῖς

199 755 309 828 πάλαι
326 755 461 862 χρόνοις
480 753 521 847 ἦν
538 754 676 848 συνήθη,
698 783 768 826 νυνι
758 753 882 826 δ”
844 757 953 827 ουκὲτι
975 751 1056 835 eorl,
1078 756 1191 882 τὰμὲν
1204 781 1277 824 τοι-

200 866 284 932 αῦτα
311 856 463 950 γλώσσας
481 862 622 929 ιἰαλοῦσι
649 859 706 928 καὶ
725 862 830 927 ταῦτα
852 856 1089 987 ἐξηγησάμενος
1113 855 1278 950 ἔρχομαι·
1296 939 1299 947 Δ

197 964 246 1034 τὰ
285 965 331 1035 δὲ
373 957 534 1034 άλλαι
520 961 598 1032 σ’σα
637 957 852 1051 ζητήσεως
889 963 963 1047 μὲν
995 959 1069 1046 οὐχ
1101 960 1279 1052 ἥττονος
1312 1006 1316 1016 =

198 1069 469 1159 προςδεῖται,
499 1061 629 1156 συνήθη
658 1064 697 1135 δέ
725 1063 812 1135 ἔστιν
834 1059 882 1144 οἷς
901 1060 1001 1144 τάδε,
1024 1065 1109 1133 κατὰ
1130 1063 1192 1145 τὰς
1212 1068 1279 1133 τῶν

199 1165 460 1262 συγγραμμάτων
490 1165 599 1237 αὐτῶν
630 1164 798 1257 ἐξηγήσεις
826 1160 961 1252 άμεινον
1001 1166 1275 1238 ἐπισκοπεῖσθαι.

201 1273 263 1354 Τίς
279 1271 355 1363 γὰρ
383 1267 404 1360 ή
429 1267 538 1362 κρίσις
564 1269 620 1338 καὶ
647 1270 681 1339 τί
701 1265 742 1338 τά
762 1273 859 1338 θεῖον
879 1269 935 1350 καί
955 1265 990 1337 τί
1010 1269 1047 1336 τὸ
1071 1265 1194 1360 ipsine
1215 1270 1273 1340 καί

196 1371 249 1503 ’τίς
277 1371 304 1466 ἦ
328 1368 380 1444 ἐπ’
412 1367 521 1464 άκριυν
547 1368 659 1454 εὐεξία
686 1371 749 1452 καί,
770 1368 872 1442 πάν-θ’
908 1369 973 1442 ὅσα
1001 1377 1140 1440 τοιαῦτα
1173 1369 1275 1462 λόγου

197 1475 259 1564 μὲν
279 1471 479 1566 παμμήκους
501 1473 547 1556 εἷς
567 1472 718 1602 ἐξήγησιν
740 1478 862 1554 δεῖται,
894 1471 1021 1564 συνήθη
1049 1474 1125 1544 δὲἒ
1126 1497 1196 1542 στιν
1217 1471 1276 1544 05-

200 1570 304 1650 ὀὲν
281 1603 403 1690 ηττσν
405 1574 429 1668 ἢ
441 1576 528 1687 βίος
553 1578 610 1646 καί
612 1573 760 1688 βοαχὺς
785 1578 842 1646 καί
869 1579 964 1666 τέχνη
993 1578 1050 1646 καί
1075 1573 1187 1692 μακηά
1220 1577 1278 1646 riui
1327 1621 1340 1674 3

198 1691 316 1757 καιρος
347 1663 404 1734 καί
434 1660 527 1746 ὀξύς·
562 1661 672 1732 καίτοι
703 1663 761 1732 καί
791 1660 916 1732 τούτων
948 1667 1017 1732 ὶνια
1049 1665 1159 1734 δεῖταί
1188 1689 1278 1744 τινος

198 1764 390 1858 ἐξηγήσεως
427 1763 602 1834 ‘'Orien''
579 1792 726 1853 εμσιγο
753 1792 825 1835 και
815 1763 1085 1854 θαυμάζειν
1099 1765 1287 1856 ἐπῆλθε

198 1868 319 1939 τῶν“”
297 1893 466 1938 απασαν
487 1869 738 1959 ἐξηγεῖσθαι
758 1868 832 1954 τήν
839 1865 1145 1961 Ἱπποκράτους
1161 1870 1277 1950 λέξιν

199 1970 581 2059 ἐπαγγειλαμένων,
605 1967 713 2058 εἰμὴ
735 1967 928 2039 συνίασιν
950 1970 1016 2040 ὅτι
1037 1969 1169 2042 πλείω
1192 1996 1276 2040 πα-

198 2071 482 2165 ραλείπουσιν
511 2062 562 2138 ὧν
593 2066 858 2142 διδάσκουσι.

262 2178 358 2242 Haec
386 2177 499 2240 omnia
515 2175 653 2258 'primus
683 2177 857 2270 intellexit
884 2176 920 2242 in
942 2177 1090 2243 Homero
1120 2184 1155 2242 et
1175 2197 1275 2261 prae-

199 2280 293 2347 stitit
320 2278 551 2350 Aristarchus.
587 2279 712 2356 Quare
730 2301 797 2344 non
826 2281 965 2364 scripsit
986 2279 1132 2364 glossas,
1155 2280 1215 2344 sed
1238 2283 1274 2346 in

107 2413 110 2428 ·
197 2383 361 2450 continua
393 2386 512 2466 poetae
543 2383 822 2466 interpretatione
844 2379 1098 2448 accuratissime
1119 2387 1277 2450 versatus

200 2487 263 2561 est,
286 2487 323 2550 in
345 2485 516 2549 consuetis
537 2486 723 2566 vocabulis,
743 2473 882 2569 quorum
901 2493 936 2551 et
957 2485 1000 2550 ad
1018 2487 1177 2550 maiorem
1200 2486 1276 2548 Ho-

199 2589 402 2654 mericorum
419 2588 571 2651 locorum
583 2594 712 2672 partem
727 2589 923 2673 plerumque
935 2592 1084 2673 pertinet
1098 2589 1226 2654 utilitas
1242 2593 1276 2652 et

200 2691 385 2775 explicatio
398 2691 536 2767 certior,
550 2691 733 2774 plusetiam
755 2711 854 2774 quam
876 2693 911 2754 in
931 2693 1119 2760 rarioribus
1131 2698 1168 2755 et
1190 2690 1276 2754 anti·

201 2795 329 2879 quitate
342 2794 530 2858 obscuratis
549 2785 670 2877 operae
680 2779 808 2876 ponens
826 2798 860 2858 et
878 2794 1013 2878 nequid
1027 2793 1276 2877 praetermitta-

198 2901 255 2960 tur
266 2897 406 2961 ierbum
421 2898 525 2961 verbo
538 2896 693 2960 reddens.
726 2884 864 2976 Abiecit
878 2896 956 2962 illas
970 2897 1145 2960 doctrinae
1168 2895 1275 2960 sarci-

198 3001 271 3079 nae,
294 3016 361 3060 non
382 3003 450 3062 tam
472 2999 669 3062 existimans
691 3019 735 3062 ex
756 2989 843 3064 aliis
856 3001 1081 3084 scriptoribus
1103 2999 1208 3063 multa
1229 2997 1291 3084 ud¹

199 3095 385 3165 Homerum
413 3099 649 3164 illustrandum
678 3102 788 3184 promi
815 3121 914 3186 posse
954 3122 1053 3186 quam
1086 3102 1273 3168 cauendum

200 3221 275 3269 esse
296 3221 339 3266 ne
360 3201 503 3264 aliorum
531 3203 772 3268 consuetudine
793 3207 920 3268 temere
942 3205 986 3266 ad
1001 3210 1141 3288 poetam
1164 3211 1275 3270 trans-

98 3335 101 3346 ·
198 3305 270 3370 lata
292 3303 549 3388 imprudentes
539 3304 684 3368 invitia
706 3309 751 3368 et
762 3326 895 3371 errores
915 3309 1137 3374 incurramus
1182 3309 1275 3372 Hinc

200 3405 287 3474 iliud
311 3407 374 3487 e'st,
397 3405 488 3488 quod
509 3423 621 3488 saepe
632 3426 705 3469 eum
726 3406 854 3471 fecisse
875 3407 1041 3492 videmus
1062 3415 1099 3473 nt
1120 3429 1186 3475 non
1200 3415 1276 3476 tan·

198 3509 269 3576 tuni
291 3509 373 3594 quid
394 3505 589 3590 significent
609 3506 773 3572 uocabula
795 3509 925 3587 doceat,
949 3514 1010 3578 s‘ed
1031 3513 1114 3596 quid
1135 3529 1203 3576 non
1231 3512 1277 3576 si·

108 3639 122 3650 ·
197 3610 364 3698 gnificent
392 3610 539 3695 quidque
566 3629 588 3674 a
616 3611 755 3694 vulgari
777 3615 1022 3696 consuetudine
1049 3615 1168 3680 veleb
1191 3608 1276 3680 ελίοέ

198 3731 274 3784 rom
295 3732 358 3780 usn
380 3714 551 3778 differant.
595 3712 842 3798 Nonnunquam
869 3716 974 3780 etium
996 3716 1276 3800 certossoriptos

197 3815 388 3883 nim'locos
410 3815 510 3881 offert
531 3815 590 3901 qui
606 3815 695 3881 falso
717 3817 939 3900 intelligendo
960 3830 1120 3902 perverse
1141 3819 1277 3905 poet-'tm

196 3919 327 3986 imitati
347 3935 423 3986 'esse
443 3918 651 3984 viderentur.
694 3919 850 4005 Denique
871 3919 1132 3986 Homericornm
1155 3926 1276 3986 testem

101 4019 104 4026 ’
133 4073 138 4080 .
198 4027 234 4090 st
251 4016 424 4092 simron
448 4038 549 4090 cunm
567 4021 755 4091 Humerum
769 4020 905 4090 habuit.
947 4023 988 4092 lu
1010 4025 1149 4094 uocibus
1165 4023 1277 4094 numus

588 4206 592 4214 '
680 4201 691 4240 ί
