2858 4754
1147 395 1190 472 31

131 597 196 642 νων
216 571 255 656 ἐξ
268 565 417 664 Ὧμήροο
427 572 482 655 Ιδ),
493 568 656 658 Dionysii
671 562 818 636 Thracis
836 563 923 658 πρδς
937 563 1103 662 Κράτητα,
1114 571 1194 664 περὶ

131 671 342 762 ποσοιὴτιον,
355 673 461 741 liber
486 674 610 760 aliquis
637 672 872 758 Dionysodori
894 668 1116 739 Alexandrini
1137 678 1191 754 (Β,

132 785 219 860 111),
231 778 440 844 Parmenisci
452 799 537 865 προς
541 765 713 870 Κρανηια
724 773 910 841 Ptolemaei
924 773 1105 842 Oroandae
1116 775 1194 866 περὶ

126 874 310 968 Ὁμηρικοῦ
329 879 545 968 χαρακτῆρος,
578 873 657 966 περὶ
677 878 736 963 τῆς
764 869 986 1000 ὁπλοποιίας,
1021 877 1194 964 Apollonii

130 983 263 1050 Rhodii
283 980 373 1107 ηρδς
382 974 574 1104 Ζηνόδοτον,
596 977 801 1046 Athenoclis
797 975 892 1067 περὶ
908 971 1063 1103 Ὁμήρου,
1086 983 1193 1048 Calli·
1255 979 1259 991 '

127 1087 228 1151 strati
240 1082 325 1172 προς
337 1107 397 1163 τος
412 1075 596 1168 ἀθετήσεις,
620 1074 823 1171 διορθωτικα
834 1085 903 1170 *ἢ
925 1079 1005 1170 περὶ
1028 1075 1190 1162 Ἰλιάδος,

128 1187 297 1253 Demetrii
322 1186 451 1252 Ixionis
472 1180 558 1272 πρὸς
577 1179 638 1262 ιδις
660 1174 840 1306 ἐξηγήσεις,
867 1178 953 1272 πρὸς
973 1179 1050 1264 τοδς
1068 1178 1192 1276 ridetq-
1282 1205 1286 1210 ·

111 1286 253 1371 ’μένους
276 1289 462 1355 Ptolemaei
479 1286 660 1372 Epithetae
681 1307 759 1374 περι
776 1275 934 1363 Ἰλιάδος.
944 1289 1023 1366 W).
1165 1303 1167 1310 ·

193 1442 235 1524 δ.
233 1443 303 1508 Θ
322 1441 391 1512 sea
412 1459 612 1527 quamquam
631 1439 689 1505 his
709 1443 781 1506 tam
801 1439 917 1506 multis
937 1443 1073 1526 tamque
1093 1441 1192 1510 bonis

127 1544 290 1610 subsidiis
319 1563 398 1630 usus
419 1549 480 1626 est,
489 1553 612 1610 tamen
639 1562 706 1606 non
726 1547 858 1628 poterat
877 1543 1001 1628 ubique
1021 1545 1076 1609 vel
1096 1545 1190 1631 ipsas

126 1644 323 1714 Aristarchi
342 1646 506 1710 lectiones
526 1645 581 1710 vel
602 1662 716 1708 earum
732 1642 845 1710 fontes
859 1645 1040 1729 expiscari.
1062 1647 1104 1721 K,
1126 1649 1190 1716 124

126 1741 203 1832 μάλ
237 1735 891 1835 ἒπέγρετο)δ’1ξιωνμέγ’ἒ·πέγριιο
919 1742 976 1810 καὶ
994 1767 1041 1832 μη
1030 1739 1187 1832 'noceri
1254 1759 1257 1771 ¹

44 1851 45 1856 ’
123 1843 369 1976 Ἀριστάρχειος
397 1842 502 1935 οὕτως
521 1836 614 1928 εἶχεν.
657 1847 701 1924 N,
722 1843 855 1936 9ιτιιρδι
882 1846 977 1934 τῇσι·
1005 1841 1191 1934 Ζηνόδοτος

124 1951 182 2019 καὶ
203 1942 444 2040 Ἀριστοφάνης
464 1946 542 2037 περὶ
561 1948 654 2036 τῇσι·
672 1937 795 2032 μήποτ’
819 1937 891 2014 οὖν
898 1947 1006 2032 διχῶς.
1039 1948 1190 2025 Praeci-

126 2075 191 2140 pue
218 2054 338 2119 confer
365 2074 451 2138 quae
478 2051 569 2116 dixit
594 2049 637 2114 de
668 2048 811 2116 lectione
840 2070 960 2116 ονιοοι
979 2051 1025 2127 Π,
1048 2053 1110 2119 467
1130 2049 1189 2128 (de
1297 2065 1303 2080 ¹

126 2178 192 2243 quo
220 2157 297 2221 loco
325 2155 416 2221 infra
442 2157 540 2222 nobis
568 2150 745 2216 dicendum
774 2155 828 2217 cst
854 2151 989 2232 fusius).
1033 2153 1102 2218 Sed
1122 2152 1189 2220 hoo

128 2265 221 2324 certe
249 2259 380 2340 effecit,
408 2261 446 2321 ut
467 2257 540 2322 eius
560 2253 726 2344 modestia
741 2253 820 2328 (illo
841 2246 971 2338 μήποτε
990 2255 1188 2340 plerumque
1219 2327 1222 2334 Δ

125 2363 247 2440 utitur)
269 2360 479 2428 et'doetrina
498 2359 661 2439 sciamus,
691 2356 749 2420 ubi
776 2354 981 2422 dubitationi
1013 2359 1107 2424 lodus
1127 2359 1185 2424 sit.
1292 2445 1294 2452 Α

187 2513 214 2598 §
236 2514 268 2580 9.
311 2513 446 2579 Etenim
466 2511 533 2577 iam
554 2509 585 2576 si
617 2528 673 2590 ea,
696 2525 781 2592 quae
802 2506 850 2572 de'
867 2508 1053 2575 Aristonici
1074 2509 1188 2596 Didy.
1293 2496 1297 2512 '

122 2607 234 2700 miq'ue
256 2615 355 2680 libris
377 2615 601 2700 exposuimus,
623 2611 834 2696 respicimus,
856 2609 922 2676 hoc
941 2632 1055 2676 nemo
1060 2615 1189 2697 poterit

123 2719 277 2784 dubitare
299 2721 380 2804 quin
402 2717 444 2781 de
466 2722 533 2780 tam
555 2714 652 2779 bonus
664 2711 903 2779 Ar1stareheae
916 2714 1094 2790 doctrinae
1109 2711 1186 2776 fon-

111 2813 213 2886 tibus
241 2823 338 2887 nobis
365 2816 599 2906 gratulandum
626 2815 681 2879 sit.
735 2813 822 2878 Uter
843 2803 912 2878 fide
932 2807 1069 2898 dignior
1088 2814 1134 2878 sit
1154 2814 1187 2881 si
1232 2816 1234 2825 ⁴

121 2915 159 2986 in
186 2923 379 2992 universum
410 2919 645 2997 iudicandum,
679 2916 789 3000 palma
814 2911 993 2982 tribuenda
1022 2913 1187 3003 Didymo.

121 3011 243 3088 Nam
235 3044 264 3086 rs
286 3025 388 3088 multo
411 3021 563 3108 pluribus
584 3037 664 3082 usus
685 3023 738 3082 est
754 2993 913 3082 subsidiis
931 3022 967 3084 et
981 3019 1185 3085 accuratius,

119 3114 335 3190 Aristonicus
362 3147 424 3190 nec
451 3117 557 3188 libros
584 3116 653 3197 (τὰ
667 3111 916 3210 συγγράμματα)
942 3120 1094 3206 inspexit
1120 3142 1186 3188 nee
1297 3177 1311 3200 ,

119 3228 205 3294 alias
244 3226 325 3290 edit·
301 3219 409 3292 trenes
445 3223 683 3328 inveniturque
717 3222 757 3284 in
785 3220 830 3286 iis
846 3224 1034 3290 erroribus
1065 3223 1184 3308 luisse,

120 3323 203 3414 quos
233 3329 403 3415 Didymus
432 3317 568 3394 scholae
599 3342 733 3390 errores
760 3319 856 3389 dicit.
905 3325 1025 3390 Talem
1053 3325 1185 3391 schola·
1224 3404 1227 3410 .

119 3429 296 3506 eticorum,
311 3449 461 3496 errorem
484 3432 527 3494 in
548 3428 695 3496 lectione
716 3419 819 3512 μέγας
840 3418 926 3504 Ζεύς
944 3428 985 3516 Β,
1009 3433 1069 3494 111
1091 3432 1185 3494 nota-
1249 3437 1252 3446 '

169 3688 195 3749 *)
229 3687 292 3739 Ηοο
316 3685 408 3751 libro',
435 3683 465 3740 ni
491 3683 590 3748 lallnr,
617 3680 751 3737 lectiones
775 3695 916 3743 versuum
930 3681 1141 3738 llonericorum
1165 3696 1184 3741 ι
1252 3743 1255 3754 ,

118 3769 235 3826 Platone
257 3771 413 3838 citatorum,
437 3771 534 3838 quales
556 3771 587 3825 in
610 3766 816 3834 exemplaribus
831 3769 988 3826 Platonicis
1004 3767 1182 3824 circumiere-

117 3855 225 3922 bantur,
243 3857 425 3912 examinabat.
1140 3878 1146 3889 ‘

168 3957 205 4020 ”)
238 3959 273 4022 Σ,
289 3963 348 4016 955
367 3958 437 4012 Cod.
454 3959 480 4013 V
494 3957 678 4028 Καλλίμαχος.

168 4059 222 4121 W)
256 4049 394 4116 Addendu
411 4059 530 4116 tortasse
545 4059 690 4118 cneeriuis
707 4043 922 4136 διορθοιιιιάοκ
932 4049 1025 4116 sanor.
1038 4007 1092 4114 0d
1104 4075 1130 4166 ο,
1139 4060 1182 4117 8⁰·
1240 4077 1242 4083 ’
