2806 4756
1040 387 1061 462 J
1097 395 1161 466 333

135 569 190 634 Ex
212 564 401 632 Ptolemaei
424 558 677 646 Herodianique
703 563 885 647 praecepto
908 557 1160 631 diiudicandum

89 672 198 738 schol.
221 672 259 745 E,
281 672 345 734 333
366 665 473 743 κακῶς
494 659 569 729 ὅσοι
589 656 821 730 δασύνουσι
786 687 824 728 ao
846 656 985 730 υΕνῦώ.
1028 657 1162 749 α’μεισσν

86 771 153 861 γὰρ
174 771 305 863 aptioris,
329 761 608 834 ἀναπέπλασται
603 763 666 854 γὰρ
686 761 858 850 πολεμικὴ
863 752 999 842 θεός,’
977 789 1017 852 ης
1029 759 1063 832 oi
1081 761 1161 832 rari·

65 889 183 964 ’σερσι
204 869 341 958 ποιηταὶ
361 865 432 935 υἱὸν
453 860 538 934 εἶναι’
550 879 651 956 φασι
679 863 736 932 τὸν
748 857 889 955 Ἄρεα.
908 891 965 934 και
956 863 1042 936 διὰ
1063 869 1161 935 τοῦτο

87 975 270 1042 καλεῖσθαι
287 966 453 1038 amitini
472 969 736 1057 μησρωσυμικῶς.
769 969 812 1032 of.
837 974 870 1032 et
890 970 1031 1050 alterum
1053 972 1160 1037 schol.

88 1081 202 1144 ib.—
223 1078 301 1140 Hoc
326 1074 430 1155 dicit,
453 1092 615 1157 apparere
639 1062 737 1134 Ἐνυώ
759 1069 868 1136 Deam
891 1091 965 1136 esse
985 1073 1160 1142 bellicam.
1196 1061 1203 1082 ⁰

90 1179 290 1247 vocabulum
320 1177 426 1260 igitur
456 1175 629 1258 proprium
659 1178 734 1238 esse
766 1175 831 1237 et
821 1194 858 1236 m
877 1174 988 1238 medio
1010 1179 1162 1260 aspiran-

90 1267 181 1348 dum.
234 1281 383 1345 Fuerunt
411 1297 513 1361 ergo,
541 1277 600 1358 qui
634 1273 771 1359 etymon
792 1275 960 1340 finxerant
980 1267 1086 1346 buius
1101 1273 1170 1346 ro)

91 1369 204 1451 cabuli
231 1384 316 1460 tale,
345 1401 389 1446 ex
416 1399 483 1464 quo
511 1377 658 1476 secunda
682 1379 816 1462 syllaba
848 1379 1085 1482 aspirationem
1108 1403 1161 1448 re·
1191 1475 1193 1480 Ι

92 1489 253 1574 quireret.

159 1709 188 1792 p.
212 1713 242 1773 4.
287 1703 451 1772 Veterum
479 1702 768 1790 grammaticorum
791 1724 926 1798 morem
946 1704 1103 1790 spiritum
1124 1705 1160 1772 in

94 1812 215 1876 mediis
234 1830 381 1902 'quoque
408 1809 582 1873 vocabulis
609 1809 773 1892 ponendi,
803 1811 862 1893 qui
891 1817 984 1880 certe
1005 1810 1040 1872 in
1062 1829 1162 1873 accu-
1232 1824 1235 1830 ·
1301 1877 1304 1884 Δ

94 1911 277 1977 ratioribus
305 1912 412 2013 ualuit
440 1910 704 1993 exemplaribus,
733 1911 843 1990 nostri
871 1931 1003 1994 quoque
1025 1909 1162 1976 codices

94 2016 154 2079 hic
184 2015 257 2078 illie
289 2014 507 2078 retinuerunt.
563 2011 705 2096 Saepius
731 2012 856 2076 sactum
884 2033 957 2078 esse
985 2017 1020 2077 iu
1042 2013 1162 2089 podice

95 2117 239 2182 Homeri
261 2115 411 2196 Veneto,
434 2111 626 2180 observavit
647 2113 797 2179 Villoisd
818 2115 944 2180 Anecd.
968 2116 1004 2179 11
1029 2139 1061 2202 p.
1088 2119 1160 2182 119.

97 2217 152 2283 De
176 2205 302 2283 ¹codiee
333 2219 553 2308 Ambrosiano
576 2215 845 2300 fragmentorum
878 2219 999 2283 Iliadis
1031 2223 1162 2284 notavit
1268 2264 1271 2269 -

51 2361 54 2366 -
97 2319 181 2402 Mai,
202 2342 236 2406 p.
258 2321 323 2387 582¹
342 2321 392 2385 ed.
415 2320 529 2385 Barol.
550 2317 911 2405 ‚,Spirituum·quoque
924 2329 1023 2387 notae
1037 2343 1163 2388 coaeva
1251 2359 1253 2370 ‹

97 2443 196 2488 manu
216 2425 397 2517 pingrmtnr
417 2421 537 2486 formis
558 2423 682 2505 priscis
703 2417 743 2484 ΙΙ
761 2429 794 2486 et
816 2417 940 2506 l-uel
963 2421 1020 2510 -l.
1050 2428 1162 2510 Atque

96 2524 134 2588 hi
154 2528 291 2610 spiritus
311 2544 411 2610 saepe
424 2543 561 2589 numero
577 2523 905 2607 praetermittuntur3
916 2544 1162 2610 unoununquam

97 2629 133 2691 in
163 2629 325 2694 vocabulo
357 2626 468 2691 modio
496 2629 596 2690 ame'
612 2627 805 2690 observatos
826 2626 996 2691 memiai“.
1027 2639 1030 2647 '
1050 2629 1097 2692 Et
1118 2630 1162 2693 ad
1189 2683 1193 2691 .

96 2730 146 2811 M,
178 2732 241 2798 434
270 2725 404 2796 ἀνέλκει.
449 2728 515 2811 „Iu
544 2729 687 2791 Ambros
708 2726 856 2790 secunda
876 2729 1006 2812 syllaba
1027 2737 1162 2794 notatur

99 2851 220 2915 aspero
251 2840 285 2896 et
311 2829 435 2895 acuto“
466 2829 518 2894 ed.
541 2829 655 2910 Berol.
685 2847 717 2912 p.
744 2830 816 2896 593.
871 2829 957 2894 Item
981 2825 1167 2916 aliquoties*
1275 2869 1278 2882 ·

95 2937 134 3004 iu
156 2934 230 3008 eod.
252 2934 478 3018 ¹Aegyptiueo,
507 2932 604 2998 cuius
630 2931 787 2995 notitiam
818 2932 1007 3016 accepimus
1028 2935 1064 2998 iu
1086 2935 1184 3002 Mu.

99 3056 155 3102 seo
183 3035 395 3118 Philologioo
426 3033 696 3115 Cantabrigimsi-
722 3030 769 3112 (v.
798 3033 931 3122 Nro.„l
959 3057 989 3100 a.
1017 3037 1098 3103 1831
1126 3045 1197 3122 p.·-'¹

28 3209 34 3220 l
100 3137 184 3216 178).
234 3137 344 3221 Atque
371 3138 541 3220 aliquanto
568 3136 701 3219 saepius
728 3136 873 3200 inveniri
894 3138 1039 3202 coniicio
1062 3142 1162 3222 quam
1267 3122 1270 3128 ¹
1326 3201 1330 3210 ,

53 3219 61 3236 ’
101 3240 210 3306 adhuc
242 3241 284 3303 ab
312 3238 497 3304 editoribus
525 3237 634 3304 minus
659 3237 741 3302 bulo
766 3239 817 3303 rei
845 3241 985 3305 attentis
1013 3247 1160 3308 notatum

101 3349 162 3410 est.
202 3343 265 3407 -Sic
286 3343 416 3406 Alberti
439 3343 475 3405 iu
495 3344 563 3403 not.
587 3339 629 3404 ad
650 3339 802 3426 Hesycb.
831 3361 864 3425 p.
887 3343 907 3406 9
930 3340 1084 3407 ediderat
1111 3344 1168 3408 lo-

100 3468 176 3511 cum
189 3463 242 3532 ex
261 3445 375 3508 lexico
396 3442 583 3527 Apolloniit
606 3434 772 3536 ἆᾶπσοας·
794 3433 830 3508 oi
846 3438 906 3526 μὲν
918 3427 1158 3521 ὄασῦνοὶσες-

101 3647 324 3668 m

100 3785 159 3844 eam
192 3786 272 3839 quam
292 3765 471 3840 exposuimus
481 3762 661 3820 Rsealooitae
678 3765 810 3834 regulam.
843 3767 907 3820 lluc
932 3766 1067 3834 pertinet,
1084 3767 1160 3836 quod

99 3857 135 3922 Ω,
151 3857 210 3914 235·
228 3854 276 3910 ubi
293 3854 333 3928 de.
344 3853 430 3926 verbo
447 3850 534 3920 ἒξεσίη
550 3867 641 3905 sermo
658 3860 710 3916 ert,
727 3851 756 3906 in
773 3850 834 3905 rod.
859 3847 898 3905 V.
921 3849 1037 3920 legitur:
1073 3854 1106 3906 οἱ
1122 3854 1160 3906 δὲ

99 3941 245 4010 prooem
262 3936 318 3994 dul
334 3936 377 3993 τὸ·
389 3930 499 4006 ὄνομα
514 3935 750 4006 reperiatur!
795 3931 860 3991 Seil.
878 3930 992 4006 tripart
1008 3939 1091 4012 κυρίῳ
1106 3939 1161 3994 boc

98 4024 243 4099 proprium
259 4041 320 4083 esse
337 4026 455 4096 legerat!
