2876 4746
265 391 308 508 44

264 592 379 676 sarum
412 629 433 674 4
462 603 612 698 Cyclope
641 613 800 675 iactatum
833 633 855 691 ι,
884 609 958 692 495,
986 628 1154 708 4444444444
1187 619 1222 679 44
1251 637 1331 684 cruc

261 681 435 796 imbrium,
464 715 531 798 qu'o
554 717 672 780 Ulixes
694 714 884 797 percutitur
906 737 935 800 p,
959 715 1035 780 stt
1057 739 1087 794 4,
1110 719 1209 794 44445).Ι
1243 720 1330 815 Item

260 805 303 879 de
334 810 450 902 poti.
463 817 527 894 Ε,
561 821 633 884 145
663 810 864 902 t‘pdtrrip'
844 837 897 879 οιι
929 813 987 902 τὴν
1008 810 1187 907 rccipiwder
1207 822 1331 907 ιρῶσιν
1404 911 1407 918 Ι

256 1065 374 1172 egregie
393 1104 506 1158 4444444
532 1114 581 1158 444.
626 1105 706 1160 Quod
733 1103 758 1158 si
785 1103 864 1158 etiam
882 1104 956 1158 41444
979 1064 1172 1172 progredimnn
1189 1107 1223 1160 44
1243 1095 1337 1176 quae-⁵

185 1211 192 1226 ·
256 1189 370 1246 rendum
381 1192 466 1256 ,4444
484 1207 537 1242 444
564 1189 613 1243 44·
628 1197 687 1243 erte
717 1189 812 1244 critica
840 1201 961 1244 veterum
988 1201 1015 1244 et
1033 1190 1092 1244 de
1085 1202 1147 1258 ipso
1165 1177 1328 1248 Aristarcho
1422 1247 1425 1252 ,

257 1273 361 1330 rectius
387 1275 552 1330 44444444444
584 1275 722 1340 Wolfius,
758 1293 817 1329 enm
844 1275 997 1332 invenimus
1022 1283 1132 1330 4444444
1149 1276 1330 1346 potissimam,

253 1360 329 1426 qnod
357 1377 427 1427 quae
453 1360 630 1434 scholiorum
658 1361 826 1414 Venetorum
853 1362 937 1430 origo
963 1371 990 1414 et
1016 1371 1152 1416 structura
1175 1362 1211 1415 sit
1229 1377 1326 1429 purum

165 1453 167 1459 '
254 1429 439 1500 intellexerat.
484 1429 532 1500 Sic
557 1463 628 1514 quae
654 1445 708 1498 huc
735 1445 899 1513 pertinentia
925 1445 1085 1514 scripsitp
1105 1447 1251 1502 ccxuiv.
1270 1459 1326 1502 not.

257 1547 291 1585 en
308 1543 335 1602 44
354 1547 450 1586 manca
468 1542 530 1586 sunt
548 1541 577 1586 44
594 1533 666 1587 44444
683 1527 811 1602 plurimu,
829 1547 991 1600 quamquam
1009 1532 1072 1586 444444
1088 1533 1249 1599 qmbusdam
1258 1534 1330 1587 iocur
1387 1558 1390 1563 ’

250 1595 338 1690 multo
364 1618 480 1688 propius
506 1617 541 1672 44
566 1617 608 1672 444
636 1615 779 1671 4444444444
806 1617 931 1672 necessit
982 1613 1129 1672 ‘Scilicet
1122 1619 1151 1673 44
1168 1619 1222 1672 itoc
1239 1635 1325 1688 saepe

179 1706 186 1720 ”
250 1685 371 1758 ¹hortinis
397 1702 529 1758 subtiie'
522 1705 662 1790 ingenium
691 1702 840 1757 admiratus
869 1720 942 1770 sum,
962 1705 1036 1771 quod
1055 1720 1092 1757 ex
1110 1703 1227 1775 repetitu
1246 1703 1328 1756 scito·

249 1781 351 1844 4444444
374 1789 494 1854 lectione
512 1791 652 1883 pleraque
662 1799 737 1842 44444
754 1789 906 1843 44444444
905 1800 966 1854 444,
992 1797 1074 1857 quae
1088 1789 1198 1856 quidem
1224 1788 1319 1844 444444·
1369 1819 1373 1828 ·

250 1883 304 1944 tum
322 1877 456 1942 nesciuit,
471 1874 586 1928 etiamsi
614 1872 681 1927 sciri
708 1873 783 1927 licet.
828 1873 884 1928 Sed
911 1867 981 1928 44οέ
991 1874 1199 1928 condonandum
1224 1873 1300 1927 4444
1293 1891 1322 1928 44

248 1977 351 2048 magno
367 1959 570 2028 multiplicique
593 1973 680 2029 opere
704 1969 838 2037 occupato
862 1968 890 2011 44
907 1959 1023 2026 primum
1041 1960 1092 2013 Ιιο4
1111 1959 1321 2013 44444444444444

248 2029 392 2100 thesauros
418 2045 550 2096 immense
576 2058 662 2110 opere
688 2041 909 2097 excutienti-
917 2043 970 2096 14
988 2061 1022 2097 4ο
1041 2045 1128 2112 igitur
1146 2045 1221 2111 quod
1239 2045 1358 2128 longe⁹

247 2129 375 2202 pluribus
386 2145 473 2194 qnam
500 2127 615 2180 decebat
640 2125 710 2180 locis
729 2127 921 2182 Aristarcheas
939 2123 1074 2180 lectiones
1093 2139 1259 2196 aspernatus
1273 2139 1322 2196 est,

248 2231 331 2286 unum
357 2228 461 2276 cuseos
487 2211 646 2265 Wolfianae
674 2226 795 2263 errorem
818 2209 937 2282 positum
964 2211 1066 2265 iudico.
1104 2213 1137 2266 14
1164 2215 1245 2280 eliis,
1271 2215 1324 2268 ubi

247 2287 501 2368 ¹Aieuundrinorutn
527 2297 660 2352 lectiones
687 2296 731 2352 444
758 2295 831 2349 houd
858 2295 1035 2349 innotuerunt
1059 2297 1102 2349 441
1121 2297 1237 2351 liberum
1256 2315 1320 2355 esse

247 2385 330 2440 debet
347 2383 480 2438 indicium
497 2396 636 2445 nostrum,
661 2390 690 2436 ut
713 2379 742 2434 44
759 2381 999 2458 interpunctione,
1025 2397 1058 2434 eo
1084 2383 1227 2450 44444414,
1247 2387 1322 2452 quod

192 2511 195 2516 -
231 2457 382 2542 „sermonis
406 2469 548 2524 Homerici
572 2470 648 2536 leges
671 2467 841 2530 etmaxime
865 2466 1042 2534 periodorum
1066 2455 1255 2522 struendarum
1275 2471 1318 2524 44-

244 2557 340 2626 ,444444Ι
362 2574 417 2612 444
441 2556 507 2609 satis
530 2555 656 2624 cognitas
680 2555 807 2610 habebnt.
843 2555 876 2606 14
896 2570 950 2620 qno
968 2553 1028 2624 ipse
1046 2555 1127 2620 plura
1145 2557 1319 2611 correxisset

245 2643 301 2700 nisi
323 2655 385 2710 post
410 2642 558 2696 editionem
582 2642 646 2696 auni
672 2647 739 2699 18444
764 2633 878 2698 4418447
904 2641 1064 2695 1444444444
1088 2641 1229 2705 negotium
1252 2657 1317 2694 raro

136 2740 140 2747 ’
244 2732 407 2799 resumsisse
436 2728 585 2784 videretur.
625 2726 806 2794 Redigendus
832 2725 861 2779 in
889 2725 1045 2779 memoriam
1075 2741 1129 2778 non
1158 2733 1211 2779 tam
1234 2741 1316 2779 error

178 2803 182 2810 ’
242 2816 408 2884 ‚commissus
435 2833 470 2880 ιι,
504 2818 552 2873 1344
581 2828 661 2880 quern
685 2811 791 2866 erroris
814 2812 850 2864 ab
874 2812 937 2888 ipso
960 2809 1085 2890 proiecta
1107 2810 1262 2865 emendatio
1285 2811 1314 2865 in

244 2902 326 2958 Anni.
344 2903 397 2956 4444.
415 2899 449 2955 Τ.
466 2899 506 2956 11.
1179 2919 1182 2924 ·

261 3003 353 3058 Hic
370 3002 453 3056 etiam
469 3020 522 3058 uuo
540 3019 611 3055 nunc
628 3000 757 3067 exemplo
775 2998 917 3064 defungar.
937 3001 966 3064 Γ,
983 3001 1042 3055 400.
1061 2995 1196 3072 notissimi
1216 3013 1312 3052 versut

240 3071 323 3151 nunt,
344 3088 460 3175 quibus
468 3089 573 3142 1141444
594 3089 734 3142 evenere
757 3085 792 3139 44
809 3083 899 3138 mariti
916 3099 1024 3170 amores
1041 3063 1195 3154 lectumque
1214 3093 1310 3137 roceto

242 3173 320 3228 14444
338 3145 499 3239 respondet.

342 3274 481 3340 δαιμονίη,
499 3281 526 3326 τί
539 3291 575 3343 με
592 3277 675 3328 tuito
692 3269 838 3326 intulrnt'
824 3265 1016 3344 pnrponrrieut:

342 3348 360 3424 ἦ
377 3353 415 3430 πή
432 3376 468 3418 tce
485 3363 583 3432 444444
576 3379 607 3412 ιω
625 3361 728 3412 πολίων
745 3352 948 3426 εὖνοιιομινιὶοιν

287 3488 291 3495 .
343 3437 449 3509 distri}
468 3437 620 3514 Φρυγίης
605 3464 621 3510 η
640 3447 762 3515 Μῃονίης
778 3441 926 3535 ἐρατεινῆς,

342 3531 370 3582 ei
383 3531 422 3586 τίς
439 3545 479 3580 τοι
497 3530 544 3581 καὶ
561 3532 633 3582 κεῖθι
650 3529 729 3597 φίλος
745 3510 874 3600 μερό4ιων
892 3520 1062 3600 (impurior,-

342 3609 441 3668 οιινεκα
458 3608 492 3679 δὴ
509 3613 562 3667 νῦν
579 3612 641 3667 διον
653 3611 830 3686 Ἀλέξανδρον
847 3613 1005 3671 Μενέλαος

340 3693 451 3766 νικήσας
466 3697 554 3751 444444
571 3694 702 3771 στυγερὴν
718 3695 765 3763 4μὲ
783 3694 869 3752 οἴκαδ’
888 3691 1015 3769 arrodat,

330 3777 454 3838 rodum
471 3779 505 3850 δὴ
522 3785 573 3836 νῦν
590 3782 671 3854 44444
688 3784 912 3858 δολοφρονέουσα
929 3785 1076 3858 παρέστης,

339 3855 390 3937 ἧσο
406 3887 463 3940 παρ
489 3865 572 3922 αὐτὸν
588 3863 647 3924 iuis.
665 3901 697 3914 -

237 3951 361 4007 Primum
384 3969 440 4008 non
466 3955 557 4022 probo
584 3953 664 4021 signa
693 3952 926 4022 interrogationis.
950 3951 1054 4018 quibus
1084 3952 1185 4008 deletis
1215 3949 1301 4006 multo

237 4037 368 4092 tcerbior
390 4037 484 4092 444444
505 4037 691 4104 4444444444.
718 4041 745 4105 t,
766 4042 827 4098 448.-
847 4038 933 4093 scrib.
956 4025 1052 4104 ἦ-που
1074 4053 1127 4108 pro
1150 4031 1176 4104 44.
1205 4026 1304 4102 'll-dn

237 4118 363 4180 4444444444
381 4120 544 4178 4444444444
560 4121 675 4180 44444444
693 4128 736 4191 Φ,
759 4127 802 4182 55.
820 4127 861 4190 Ε,
884 4129 950 4182 utrix
975 4132 1003 4182 44
1018 4127 1056 4190 11,
1072 4126 1132 4191 44,
1151 4119 1206 4192 'qui
1224 4123 1303 4176 locus

1423 2483 1426 2542 4
