2876 4746
473 454 479 494 1
1149 358 1193 428 83

127 523 181 608 'sui
209 520 294 604 iuris
323 545 471 618 suaeque
504 529 623 596 aetmis
655 531 690 594 εἰ
722 525 900 594 voluerunt
927 535 1001 594 esse
1029 533 1063 594 et
1084 537 1191 616 erant.
1246 513 1248 520 ’

127 641 321 709 Homericis
344 634 520 702 uocabulis
542 633 599 708 (ad
621 629 708 695 haec
726 635 764 694 ut
783 649 836 696 me
858 629 1036 713 referam),
1069 633 1195 706 Home-

129 747 205 811 rica
231 722 471 810 vocabulorum
499 733 749 819 significatione
781 737 816 796 et
838 738 1008 798 structura
1023 746 1094 798 ‘non
1116 757 1196 799 con·
1218 763 1222 768 ·

127 847 216 913 tenti
256 845 430 924 longorum
470 826 986 920 saeculorum-remotarumque
1025 838 1197 920 regionum

127 949 304 1016 'thesauros
334 940 507 1005 recludere
535 945 567 1004 et
598 939 666 1022 ipsi
689 937 833 1002 condere
854 951 945 1003 noua¹
962 943 996 1003 et
1017 937 1197 1004 deflectere

134 1056 171 1113 et
191 1051 310 1112 laxare
331 1044 486 1126 antiqua,
520 1047 557 1104 ut
582 1041 671 1103 sicut
692 1031 769 1105 ante
789 1040 1008 1130 'gliscentibus
1030 1042 1199 1106 aetatibus

131 1150 259 1235 poetici
286 1145 448 1234 sermonis
477 1141 561 1206 fines
590 1142 715 1226 prolati
744 1148 837 1221 sunt,
871 1143 953 1207 item
975 1163 1037 1226 per
1057 1143 1120 1206 hos
1142 1163 1199 1207 exa

132 1251 256 1316 'tremos
279 1244 404 1312 Graeci
426 1245 584 1320 carminis
606 1245 778 1310 molitores
799 1243 925 1308 sactum
954 1265 1027 1309 esse
1048 1247 1201 1310 invenia-

133 1361 200 1419 tur.
254 1350 320 1416 Sed
340 1347 408 1431 his
434 1353 468 1412 et
494 1347 649 1410 imitandi
676 1351 714 1430 et
733 1346 879 1410 nouandi
900 1348 1068 1412 institutis
1089 1354 1201 1413 utrum

134 1455 324 1538 elegantiae
357 1450 578 1532 veritatisque
611 1467 647 1512 se
674 1423 798 1511 finibus
827 1450 1058 1514 continuerint
1085 1471 1128 1514 an
1149 1471 1202 1516 se·

104 1591 106 1598 ·
134 1563 229 1643 creta
249 1554 433 1619 carminum
456 1570 578 1637 genera
599 1553 634 1613 ct
649 1548 869 1612 dialectcrum
890 1551 1089 1644 discrimina
1105 1559 1204 1618 extra

134 1637 269 1720 modum
299 1651 415 1720 etad
439 1652 624 1740 molestiam
645 1669 752 1732 usque
772 1652 1003 1734 turbaverint,
1034 1673 1124 1718 nova
1145 1675 1204 1718 ex·
1275 1655 1278 1664 “

134 1761 247 1844 oritur
275 1747 448 1840 quaestio,
470 1743 585 1814 ardua
613 1753 648 1813 et
679 1749 771 1812 mult
748 1753 793 1812 trs
814 1752 965 1832 partibus
986 1767 1091 1836 paene
1112 1756 1204 1819 iimc-

135 1879 258 1924 cessa,
291 1857 379 1941 Ego
394 1852 452 1918 liic
478 1832 595 1935 perlem
624 1831 710 1942 figo,
744 1871 811 1934 quo
833 1872 885 1929 rue
901 1857 1022 1935 partes
1041 1857 1207 1922 uocabant

134 1961 240 2023 meae.
284 1951 421 2036 Etenim
443 1955 589 2018 rationes
611 1952 831 2022 delineandae
861 1959 977 2036 erant,
1005 1976 1067 2019 cur
1086 1958 1131 2022 ad
1153 1977 1206 2024 rea

139 2060 328 2138 ¹centiorum
351 2059 532 2154 epicorum·
524 2054 701 2121 officinas
722 2037 940 2122 Aristarclrea
961 2057 1071 2122 doct
1028 2063 1119 2124 trina
1133 2059 1206 2126 adi-

139 2167 211 2269 tum
232 2163 299 2225 non
321 2143 477 2224 habuerit
497 2174 561 2222 nec
581 2155 740 2224 habuisse
763 2165 1020 2224 consentaneum
1040 2163 1094 2225 sit.
1117 2197 1159 2212 ·-

160 2261 301 2329 Nunc
314 2261 358 2328 ad
369 2261 516 2346 reliquus
527 2262 705 2357 verborum
718 2242 1012 2348 interpretationes
1023 2264 1205 2356 pergimus.

488 2559 490 2566 ’
544 2561 658 2624 ’τοῦνεκα
674 2567 750 2643 τῇσιν
774 2565 965 2640 ῖχαικεύσανι’
985 2541 1074 2636 ιὶιιῆες

276 2650 378 2710 uuoltin
395 2635 436 2708 ιη’
455 2649 595 2726 ἀγκίστρῳ.
607 2649 834 2728 δοιιχιιτερον,”
817 2674 919 2728 αρκος
936 2649 1096 2708 ὀδόντων.

143 2721 231 2794 cul
228 2741 324 2810 generi
347 2757 402 2794 non
428 2739 579 2805 putaverim
596 2739 721 2794 absimile
739 2739 838 2807 luisse,
862 2740 946 2836 ‘quod
963 2721 1119 2822 Aeschylus
1137 2717 1210 2795 dixit

141 2821 279 2922 berytum
296 2827 390 2880 λέαινα
400 2825 500 2887 (Hes)
506 2821 613 2878 Similia
630 2825 763 2892 quaedam
780 2832 843 2878 sunt
860 2823 889 2876 in
907 2824 953 2888 iis,
972 2823 1211 2920 ιιιιιιιιίὶειιιιιιιιιι

142 2910 280 2962 recensuit
297 2927 325 2980 p
343 2913 386 2966 84.
404 2926 464 2975 sqq
471 2907 608 2962 Nam
585 2925 609 2962 ιι
626 2909 689 2975 quis
711 2925 763 2978 prp
781 2907 930 2960 Homerico
948 2903 1037 2960 πάτον
1054 2905 1211 2996 sintpertus·

144 2991 273 3045 ἄλιιίνωι
289 2993 357 3046 dicit
373 2997 465 3066 τρίβον
482 2988 639 3066 ἀνθρώπων
656 2989 768 3046 biretum
786 2994 824 3062 (p.
842 2989 928 3058 88),
919 3009 944 3044 rs
962 3009 1017 3051 non
1040 2995 1131 3048 celare
1153 2991 1211 3050 stu·
1232 3005 1235 3027 t
1302 3034 1308 3041 .

145 3075 217 3130 det
209 3071 394 3144 imitationem,
412 3080 462 3132 sed
481 3078 542 3131 dum
561 3077 599 3128 ita
617 3073 750 3142 exprimit
767 3077 924 3146 exemplar,
941 3085 971 3130 ut
988 3079 1145 3133 necessario
1162 3095 1211 3147 ag·

141 3159 286 3225 noscatun
305 3161 386 3214 siniul
403 3175 481 3215 suam
498 3159 632 3248 quandam
650 3152 771 3214 venditit
788 3159 922 3242 copiam.
950 3163 1029 3218 Quod
1055 3164 1113 3218 illis
1140 3153 1212 3217 hand

143 3261 212 3302 raro
229 3245 367 3298 contrario
385 3243 501 3302 cessisse
518 3256 546 3300 et
563 3261 615 3316 pro
633 3233 757 3326 ubertate
773 3253 910 3316 appulere
926 3248 1057 3319 inopiam,
1075 3248 1130 3301 imo
1147 3248 1212 3302 ada·

145 3331 298 3387 massehoc
314 3345 410 3397 genus,
428 3333 502 3396 quod
520 3331 899 3397 tamenprnenovisinventis
910 3334 1018 3389 lucilius
1036 3343 1085 3401 est,
1104 3351 1156 3387 nec
1164 3333 1212 3386 ab

146 3433 201 3472 ιιιιο
215 3415 686 3492 ιιειιιιιιιειιιιιιιιιιιιιιιιιιιιιιιιι
705 3416 1002 3487 Sedeodemgenere
994 3419 1152 3472 imitationis
1162 3433 1214 3472 ex
1267 3440 1270 3450 ⁴

147 3512 190 3555 tra
203 3500 356 3556 Homerica
372 3516 482 3567 qnoque
499 3501 541 3554 nsi
559 3510 635 3568 snut,
661 3511 689 3556 ut
708 3519 745 3556 ex
766 3502 857 3558 multis
874 3505 908 3558 ad
917 3504 1061 3575 Apollonii
1072 3504 1215 3570 exemplar

150 3586 243 3721 gretie,
268 3601 341 3655 quae
358 3584 518 3642 Gerbordus
540 3601 578 3642 ex
595 3586 734 3658 Dionysio
750 3589 868 3658 aliisque
884 3588 1040 3690 proposuit,
1056 3577 1215 3656 intelligere

164 3680 221 3726 icet:
