2876 4746
288 538 372 627 M:
415 537 489 602 Iam
526 535 582 602 his
622 536 742 622 paucis
763 532 935 618 exemplis
969 534 1051 610 (alia
1084 553 1187 626 porro
1220 553 1301 619 pro-

223 640 390 724 gredienti
423 641 606 716 occurent)
639 637 842 721 intelligitur
873 638 1007 719 quantis
1050 655 1095 714 ex
1127 637 1301 702 erroribus

102 825 105 832 .
223 741 366 818 Homeri
388 740 625 823 interpretatio
648 736 849 802 Aristarcho
873 736 1047 820 eripienda
1070 743 1168 801 esset.
1223 736 1300 814 Quo
1377 737 1380 742 '
1429 801 1430 838 ξ

203 846 334 916 minus
356 845 387 906 si
409 840 522 940 quid
513 859 585 924 lpse
607 841 795 928 peccavit
785 859 820 902 ιιι
842 844 953 918 tanto,
982 844 1050 902 tam
1079 840 1199 920 uario,
1232 847 1301 906 tarn

222 966 311 1036 novo
341 963 439 1028 quem
467 941 626 1006 sustinuit
655 941 772 1004 labore
800 940 917 1004 mirari
946 941 998 1008 vel
1029 941 1222 1006 detrectare
1243 961 1299 1004 ae-

222 1067 325 1132 quum
359 1043 540 1108 videbitur.
604 1041 667 1106 Est
698 1043 798 1110 ubi
788 1063 823 1106 ιιι
856 1043 1063 1126 etymologia
1097 1043 1209 1130 lapsus
1243 1045 1300 1124 sit,

219 1149 316 1230 quod
337 1165 440 1230 genus
463 1165 538 1207 cum
552 1145 766 1228 antiquorum
780 1146 879 1210 etiam
895 1145 1168 1227 prudentissimis
1182 1143 1300 1209 »fraudi

222 1248 329 1323 fuisse
351 1247 543 1311 inueniatur
563 1265 652 1318 nunc
675 1245 780 1328 (quod
802 1231 859 1309 diu
881 1247 1036 1324 debebat)
1057 1246 1299 1312 ardentissimis

222 1351 409 1440 quibusque
431 1331 634 1432 aequissime
654 1353 827 1410 censetur:
841 1352 872 1425 t)
905 1355 957 1412 est
985 1349 1044 1412 ubi
1073 1355 1149 1413 arte
1172 1357 1213 1414 et
1243 1369 1304 1412 ra:

220 1449 314 1514 tione
340 1451 493 1532 egregius
520 1447 636 1513 fallaci
663 1448 805 1532 quadam
834 1452 949 1534 specie
976 1450 1129 1514 locorum
1150 1451 1295 1533 proban-

221 1554 305 1632 tium
329 1550 490 1635 deceptus
511 1551 566 1634 sit,
590 1544 679 1635 quod
701 1552 752 1626 (ut
770 1551 925 1635 exemplo
945 1557 981 1615 ut
982 1571 1020 1616 ar
1044 1571 1163 1618 recens
1185 1552 1296 1618 disce-

195 1652 197 1656 ’
220 1635 329 1738 piato)
351 1647 385 1717 in
406 1653 571 1716 vocabulo
594 1649 734 1739 πρυλέες
762 1673 879 1736 passus
901 1642 972 1738 est,
1003 1656 1033 1718 si
1063 1655 1197 1738 quidem
1220 1656 1294 1738 eius

150 1767 156 1776 '
221 1757 317 1824 uocis
340 1755 526 1838 explicatio
556 1755 638 1818 bene
660 1758 765 1818 cessit
786 1757 981 1822 Hermanno
1008 1758 1144 1840 (opusc.
1175 1756 1296 1840 philol.

219 1857 285 1926 IV.
308 1878 341 1941 p.
362 1857 449 1936 288).
493 1857 650 1940 Denique
682 1862 760 1921 sunt
782 1860 962 1941 quaedam,
985 1859 1045 1922 sed
1072 1855 1294 1948 paucissima,
1324 1915 1326 1920 .

218 1959 397 2041 ingquibus
418 1978 480 2022 sua
500 1961 574 2044 ipse,
595 1958 709 2024 effecit
730 1961 955 2042 praestantia,
988 1966 1026 2024 ut
1046 1981 1128 2024 vere
1151 1962 1204 2025 sui
1226 1960 1295 2026 dis·
1325 1991 1326 1999 ι

78 2075 80 2083 “
172 2085 184 2130 ε
221 2059 343 2143 similis
364 2059 470 2124 finisse
493 2053 656 2122 dicendus
677 2061 732 2122 sit.
783 2059 885 2124 ⁴Nam
915 2058 1006 2142 quod
1036 2059 1113 2152 aliis
1134 2063 1296 2145 quodam-

218 2160 318 2242 modo
339 2179 402 2243 pro
426 2160 643 2236 excusatione
664 2178 741 2224 esse
768 2160 999 2242 concedimus,
1028 2167 1067 2226 ut
1095 2183 1157 2246 pro
1180 2167 1297 2230 nativa

218 2267 340 2348 poetae
363 2261 581 2345 simplicitate
609 2261 738 2342 aliquid
765 2263 926 2344 grandius
950 2279 1078 2356 sonans
1100 2272 1297 2330 consecten-

135 2357 138 2368 '
217 2367 274 2448 tur
295 2361 349 2426 uel
372 2381 415 2424 ex
436 2362 567 2445 uulgari
589 2363 754 2427 sermonis
776 2365 1021 2430 consuetudine
1044 2367 1096 2434 vel
1120 2387 1164 2431 ex
1185 2387 1293 2432 remo-

222 2462 578 2536 tarum-dialectorum
606 2463 704 2528 docta
734 2465 968 2549 suppellectile
998 2469 1127 2552 aliquid
1148 2471 1293 2536 transfe-

220 2572 299 2632 rant
320 2565 363 2654 ad
385 2558 586 2654 Homerum,
602 2567 639 2629 id
661 2567 692 2630 si
714 2565 879 2650 quando
870 2591 905 2636 m
927 2571 1128 2656 Aristarcho
1150 2570 1293 2636 offendi-

216 2674 273 2730 tur
294 2669 451 2740 continuo
473 2669 686 2733 mirationem
707 2667 812 2748 [lacit
876 2671 1013 2738 istos
990 2673 1148 2738 nimirum
1170 2695 1290 2759 scopu·
1368 2699 1372 2704 ’

214 2767 278 2850 los,
301 2790 366 2853 quo
389 2757 492 2835 facile
512 2770 605 2834 docti
578 2771 822 2854 tcopiosique
844 2772 995 2840 homines
1018 2777 1115 2859 quasi
1134 2775 1289 2842 Sirenum

214 2873 364 2950 carmine
385 2871 576 2953 trahuntur,
597 2892 664 2935 non
686 2873 872 2938 declinasse
893 2875 954 2940 sed
963 2875 1115 2962 fugisse,
1138 2899 1178 2944 ea
1199 2899 1288 2946 sum-

215 2987 269 3036 ma
290 2991 331 3035 ac
358 2976 496 3056 propria
516 2975 708 3040 Aristarchi
736 2975 845 3042 virtus
868 2982 929 3040 est.
993 2978 1123 3043 Ponam
1150 3001 1195 3044 ex
1222 2981 1289 3044 hoc

214 3091 337 3156 genere
359 3075 578 3164 exemplum.
605 3073 632 3156 ζ,
654 3079 735 3141 2012

298 3166 359 3238 οὐκ
380 3167 452 3239 ἔσθ’
477 3167 574 3253 οὗτος
595 3169 676 3266 ἀνὴρ
698 3175 808 3267 διερὸς
827 3174 956 3265 βροτός,
980 3175 1058 3249 οὐδὲ
1080 3181 1221 3271 γένηται,

165 3273 166 3282 ’
299 3297 337 3362 pq
357 3297 412 3342 κεν
436 3270 592 3362 Φαιήκων
614 3271 757 3386 ἇρᾷρῷιι
763 3278 797 3358 ἐς
817 3303 913 3365 yetus
933 3279 1053 3398 ἵκηιαι.

213 3460 438 3482 —n—-nb--np
504 3461 506 3464 ’

149 3611 153 3620 ,
211 3561 248 3632 de
264 3562 326 3616 aud.
354 3575 383 3634 p.
407 3567 439 3621 31
474 3564 504 3618 in
531 3521 687 3644 ξξιιιιειὶιίε
719 3553 866 3621 Cleanthes
894 3571 982 3627 voluit
1012 3521 1107 3626 225
1091 3569 1287 3628 ἅναδιιδωνιιΐι

210 3643 430 3714 ,apamenam
447 3645 489 3719 ὑφ
486 3645 566 3714 ’sm
593 3647 629 3710 ὥς
646 3646 694 3704 alr
719 3649 797 3705 ἐκ
767 3672 812 3719 ιης
827 3655 877 3721 γῆς
887 3653 1125 3723 ἀναθυμιώμενον
1149 3655 1217 3734 ἀέρα
1241 3655 1290 3710 dari

211 3728 259 3798 τὴν
276 3726 448 3800 audioow“;
469 3715 632 3808 Chrysippo
654 3733 776 3828 εὐρύοπα
793 3739 929 3812 Κρόιιὸης
945 3742 1128 3839 excellentem
1154 3752 1292 3799 oratorem

210 3814 468 3969 ”gilihmllbighnbn
486 3855 605 3960 histli.
602 3903 637 3960 l
664 3924 690 3974 p.
708 3912 751 3965 93
770 3905 884 3986 Miller.
898 3908 1059 3988 Prolegqrq
1078 3910 1170 3982 itlytb.
1187 3931 1216 4008 p
1230 3873 1310 3984 iah.

209 3985 366 4051 Buttmann.
363 3987 508 4066 ΙΜιῠιρξ
526 3990 566 4047 11.
586 4009 613 4058 p.
631 3995 689 4060 35&
