2878 4750
1122 371 1186 440 mr

123 543 195 614 eolo
224 563 268 608 an
294 543 404 628 mugio
430 540 560 608 Gellius
579 525 791 623 contemnat,
814 555 912 626 quam
934 541 989 607 ias
1009 545 1056 609 eit
1077 557 1207 628 gerne,
1263 503 1266 514 Ι

121 646 263 710 mastico:
291 645 422 710 invenit
450 638 563 708 tamen
584 643 618 710 et
639 643 742 710 haece·
769 648 875 729 'quam
895 646 939 709 ob¹
960 654 1098 710 cansam·
1114 645 1186 712 Te·
1253 643 1254 648 ’
1371 637 1372 640 ’

120 745 290 813 lamachus
326 748 450 812 cubans
489 731 643 811 iunctim‘
664 749 731 812 sibi
761 749 936 814 cubantem
965 747 1185 826 Pisistratum

85 859 91 870 “
120 869 189 915 uon
220 869 319 913 mann
350 849 519 932 attigerit,
552 847 614 912 sed
641 849 737 935 pedis
766 847 1022 927 ictuexcitnrit
1043 849 1086 924 (o,
1110 849 1185 928 45),-

120 970 207 1035 quae
227 942 362 1014 nomina
381 949 507 1014 fuerint
527 952 694 1014 sociorum
716 951 830 1014 Ulixis
851 951 910 1033 qui
932 949 1082 1034 uScylla
1097 951 1184 1034 rapti
1224 1011 1226 1015 ,

119 1051 324 1148 laceratique
344 1056 440 1133 suut3
463 1070 506 1130 err
520 1054 666 1136 quinque
679 1050 908 1135 operimentis,
931 1053 1051 1135 quibus
1064 1049 1185 1140 Achil

118 1155 163 1218 lis
193 1154 330 1236 clupeus
362 1155 526 1217 moenitus
550 1162 628 1228 est,
660 1151 750 1238 quod
783 1155 910 1218 sactum
944 1175 988 1219 ex
1017 1173 1099 1217 auro
1129 1151 1204 1218 est

116 1275 277 1320 summum
304 1256 422 1322 sitan
450 1254 668 1334 medium,Y,
692 1255 765 1320 999.
806 1255 888 1318 lli
879 1255 944 1338 ipsi
959 1276 1083 1322 versus
1104 1261 1187 1320 suut

115 1376 198 1440 quos
218 1376 321 1440 supra
341 1357 528 1422 notavimus
549 1357 731 1421 secundum
759 1355 961 1443 scholiastae
982 1360 1183 1424 senteutiam
1250 1369 1255 1382 ‘

113 1454 214 1524 fictos
243 1479 316 1524 esse
342 1450 411 1523 ὑπό
440 1479 529 1533 τινος
548 1457 613 1520 τῶν
632 1454 840 1538 βουλομένων
862 1451 1041 1544 πρόβλημα
1061 1461 1181 1532 ποιεῖν.

114 1559 214 1635 Quod
234 1579 316 1624 vero
338 1559 427 1622 idem
450 1559 565 1640 addit,
588 1557 627 1620 id
646 1578 733 1621 nuuc
753 1556 798 1620 ud
819 1575 889 1622 rem
912 1566 1060 1623 nostram
1084 1559 1180 1626 facit.

114 1661 210 1724 Dicit
242 1663 347 1726 enim:
378 1657 435 1724 ivn
467 1658 543 1740 dap
529 1657 576 1744 μὴ
598 1659 687 1780 δοκῇ
713 1649 835 1734 λύσεώς
863 1679 894 1722 τι
918 1653 1086 1780 εἰρηκέναι.
1101 1661 1200 1744 (leg.

113 1755 327 1860 ἦπορηκένὰὶ)
353 1760 409 1824 καὶ
438 1757 494 1824 διὰ
520 1761 618 1824 adoro
652 1747 847 1844 ἠθετηκὲναι
869 1756 1011 1846 φησί·
1035 1761 1134 1842 Ergo
1151 1761 1205 1848 si¹

112 1791 166 1926 vel
190 1854 390 1927 Aristarcho
419 1859 519 1941 (hic
516 1845 605 1924 enim
628 1859 849 1943 significatur)
871 1868 906 1925 et
921 1859 997 1950 illis
1018 1864 1182 1943 tempori

111 1968 173 2028 bus
194 1964 374 2048 aliquando
397 1962 606 2042 commodum
619 1963 740 2041 visum,
764 1981 884 2027 cavere
900 1963 1060 2026 invidiam
1078 1981 1180 2046 quse
1284 2045 1286 2050 Ι
1424 1945 1425 1954 ¹

27 2125 30 2132 ,
110 2065 239 2130 stiones
260 2068 510 2150 postulantium,
531 2065 614 2150 quid
626 2071 753 2163 postea
773 2071 809 2128 et
829 2083 853 2129 a
868 2064 1094 2160 mediocribus
1107 2065 1183 2129 sac*

107 2175 177 2230 tum
198 2179 271 2234 es'se
292 2165 502 2254 putabimus?

171 2320 225 2388 ud
261 2321 350 2392 idem
391 2321 537 2396 studium
572 2323 806 2407 quaestionum
838 2321 986 2413 pertinet
1018 2321 1109 2405 quod
1141 2319 1180 2394 in¹

106 2424 353 2488 recentioribus
381 2424 549 2488 nonnullis
579 2423 826 2488 commentariis
857 2424 1045 2487 invenimus
1069 2423 1177 2506 expli·

106 2511 255 2590 cationes
284 2532 383 2610 atque
411 2527 660 2590 observationes
683 2525 785 2587 etiam
808 2544 928 2607 graves
950 2530 984 2587 ot
1006 2523 1109 2586 utiles
1127 2507 1184 2586 its

105 2632 215 2692 tamen
237 2617 351 2698 uerbis
374 2629 525 2710 concipi,
548 2635 586 2690 ut
607 2628 750 2691 formam
772 2627 881 2712 iustae
904 2626 1112 2708 quaestionis
1134 2643 1175 2687 ao

106 2728 285 2793 solutionis
304 2729 479 2795 ‘reserant
534 2712 611 2792 Hoc
643 2727 742 2812 quale
771 2727 818 2790 sit
845 2725 975 2788 duobus
999 2725 1179 2807 exeruplisq

103 2847 168 2918 uno
191 2829 340 2909 Graeco,
375 2829 482 2894 altero
510 2829 634 2922 Latino
656 2827 842 2894 illustrabo.
887 2825 927 2889 In
951 2826 1061 2891 Servii
1084 2845 1174 2888 com-

104 2930 277 2993 mentariis
305 2929 370 3008 hoc
397 2931 482 2996 seuit
510 2932 557 3006 is,
581 2951 687 3014 aquo
710 2928 820 2992 codex
844 2925 1131 3012 Guelferbytanus
1154 2914 1179 2990 1'
1240 3017 1242 3026 ‚
1368 2980 1371 2988 .

14 3007 16 3024 ’
103 3029 286 3094 adornatus
316 3038 375 3097 est.
426 3033 468 3096 E.
498 3053 530 3114 g.
555 3031 599 3094 ad
619 3031 701 3094 Aen.
726 3030 791 3109 111,
815 3032 855 3096 55
877 3031 1001 3110 legitur
1023 3031 1059 3092 in
1080 3049 1172 3092 com-

101 3133 275 3196 mentariis
296 3131 413 3216 vulgos
457 3131 690 3214 ,‚Obtruncat‚
721 3121 846 3194 occidit
869 3130 1030 3214 intellige.
1082 3129 1170 3196 Nam
1252 3195 1254 3208 1

97 3233 299 3327 obtruncare
327 3235 545 3316 proprieest
573 3234 683 3316 capite
713 3229 895 3296 caederc“.
948 3232 1015 3296 Sed
1037 3233 1072 3294 in
1095 3231 1197 3296 cod.¹
1287 3301 1293 3308 ,
1402 3301 1406 3310 ,

100 3333 211 3398 Guels.
244 3335 262 3396 1
295 3333 464 3397 additum.
509 3333 714 3415 „Quomodo
737 3336 923 3412 obtruncat,
940 3352 1021 3396 cum
1044 3329 1091 3398 sit
1110 3334 1168 3396 ha

100 3436 162 3499 stis
196 3433 437 3534 interemptus?
492 3435 661 3501 Solvitur
695 3437 775 3518 quia
807 3441 939 3499 veteres
971 3437 1167 3518 plerumque
1240 3477 1248 3512 7

97 3540 250 3599 truncum
281 3556 342 3619 pro
373 3555 571 3622 unoquoque
593 3557 714 3620 genero
737 3537 972 3626 interemptum
995 3534 1165 3620 dixerunt,
1155 3582 1191 3625 ,Ἃ

97 3637 273 3707 obtruncat
300 3638 377 3712 ideo
407 3645 459 3710 ost
481 3636 646 3705 occidit“.
696 3637 783 3703 Item
804 3637 848 3702 a'd
867 3637 933 3718 111,
956 3638 1027 3702 79
1018 3657 1053 3700 un
1077 3658 1166 3702 com·
1169 3643 1189 3705 ,’

97 3739 259 3802 merlaria
281 3739 406 3822 legitur
428 3741 529 3824 vulgo
552 3741 621 3802 sicr
666 3739 818 3819 „numm
838 3743 948 3802 autem
970 3740 1173 3822 proquovis»

95 3837 230 3902 vento“.
273 3839 343 3903 Sed
365 3840 476 3906 Goell.
499 3841 533 3905 lr
565 3839 770 3921 „Quomodo
790 3837 921 3903 Auster,
936 3857 980 3902 ex
1001 3837 1171 3918 Thracia,v
1243 3891 1246 3896 .

95 3957 171 4037 oum
201 3938 285 4004 lenis
314 3939 405 4016 sltl¹
433 3929 603 4008 Solriturr
632 3939 757 4006 Auster
786 3959 850 4028 pro
883 3936 1039 4026 quolibet
1062 3942 1164 4015 1191110
1292 3924 1294 3928 ’
1340 3921 1348 3942 ¹
