2824 4756
283 393 349 461 276

218 587 222 596 ·
283 565 400 632 destun
422 564 457 628 in
478 559 533 630 his
555 556 759 630 differentiis
781 559 906 644 fuerit,
936 581 1021 648 qnos
1041 561 1269 630 recentissimi
1283 569 1355 652 qui·
1377 571 1378 584 ¹

283 689 349 755 que
370 669 581 754 grammatici
602 666 821 732 immoderate
842 671 1027 732 auxeruntr
1049 667 1103 732 sin
1125 665 1289 734 distinxit
1303 671 1353 735 vel

231 759 233 764 ¹
279 792 343 837 usu
382 771 438 836 rel
478 771 609 836 ratione
645 774 848 834 commotum
884 761 991 834 fuisse
1021 769 1160 834 credere
1193 791 1259 856 par
1292 779 1348 837 est.
1377 797 1378 800 ¹

165 875 170 892 '
281 871 395 953 Quid?
424 873 454 938 si
475 874 565 936 ratio
587 893 662 936 eum
683 869 828 936 fefelliti
881 871 1107 956 Exploremus
1127 869 1219 937 hunc
1241 873 1346 940 locum

279 975 323 1043 de
340 966 542 1064 Ἀμφοτερός
560 975 661 1060 pardo
683 974 877 1041 accuratius
898 975 942 1039 ad
963 993 1060 1060 quam
1082 993 1159 1059 spes
1180 981 1233 1042 cst
1254 981 1346 1047 nobis

277 1078 406 1147 aditum
425 1078 511 1144 sore.

339 1247 453 1314 Schol.
487 1249 524 1324 Σ,
555 1248 619 1314 319
649 1245 716 1312 hoc
743 1246 901 1332 legimusz
930 1239 1070 1336 σκύμνος
1098 1239 1144 1326 ὥς
1170 1243 1274 1333 ύμνος
1304 1249 1344 1330 εἰς

274 1342 424 1438 λόιότητα
446 1341 656 1436 ἀνεγνώσθη·
679 1346 723 1416 τὸ
745 1349 893 1432 μὲντοο
914 1341 1235 1438 άνδρωννμνκὸν
1256 1347 1342 1432 ὀξύ-

272 1455 432 1518 νεσθαι
460 1445 580 1530 άξιοῖ
607 1445 625 1516 ό
655 1444 962 1540 ’ίσκαλωνίτης
989 1447 1091 1542 πρὸς
1118 1451 1339 1544 διαφοράν.

270 1555 318 1622 At
339 1576 403 1622 neo
423 1557 586 1622 scribitur
605 1576 725 1646 nomen
752 1549 1141 1650 prop'riumnEnvavdffl)
1161 1578 1225 1622 nec
1246 1560 1339 1623 iutel-

270 1657 333 1745 ligi
362 1663 473 1744 potest
502 1678 563 1724 cur
591 1660 705 1742 potius
731 1657 797 1723 hou
825 1657 1024 1722 vocabulum
1053 1664 1195 1730 accentu
1221 1661 1264 1724 ab
1284 1681 1337 1745 ap-

148 1794 151 1799 ·
269 1763 434 1848 pollativo
458 1763 623 1846 distingui
641 1763 760 1826 debeat
772 1781 869 1846 quam
883 1752 1022 1836 Κύκνος,
1044 1753 1171 1842 Λύκος,
1199 1751 1333 1839 Ψύλλος,

267 1865 411 1942 (Herod.
443 1866 569 1930 Arcad.
602 1867 653 1940 53,
687 1867 752 1944 16),
781 1859 884 1929 Λέων
889 1909 900 1940 ,
928 1854 1071 1950 Κάπρος
1097 1863 1224 1946 (plures
1250 1871 1331 1945 sunt,

160 1995 184 2044 ⁴.
267 1987 351 2051 qnos
374 1972 608 2032 commemorat
628 1964 848 2047 Pausanias),
869 1957 1015 2042 Σκύλαξ,
1038 1957 1173 2052 Κόραξ,
1199 1967 1329 2054 Ταύρος,

265 2061 429 2156 Γρύλλος,
461 2061 618 2154 Δράκων,
651 2059 806 2147 Μόσχος,
839 2065 977 2144 Πῶλος,
1014 2063 1147 2144 Τέττιξ,
1179 2060 1326 2156 Μύρμηξ,

261 2161 370 2258 Ἰέραξ
397 2167 691 2253 (comprehendam
720 2189 786 2232 una
813 2169 1056 2254 polysyllaba),
1082 2163 1233 2258 Τότσρος,
1246 2162 1326 2258 ’Ἐρι-

263 2293 340 2360 φος,
372 2263 554 2358 Βάτραχος,
587 2263 756 2363 Δάμαλις,
788 2264 979 2358 Κόττυφος,
999 2263 1210 2360 Ἄνθρωπος·
1225 2269 1323 2355 (Eunt.

260 2376 335 2451 847,
357 2377 407 2440 dt).
432 2373 556 2456 Suid),
569 2373 658 2436 'item
680 2365 822 2462 Βότρυς,
845 2367 976 2460 Δάφνη,
996 2366 1184 2451 Ὑάκινθος,
1207 2373 1324 2463 Στέφα-

260 2499 326 2554 νος,
350 2465 385 2541 ct
403 2470 543 2564 Βούτης,
558 2470 670 2564 Ἕρση,
697 2468 820 2562 Θώραξ
838 2473 952 2550 (Pind.
975 2474 1082 2560 Pytu
1104 2475 1154 2557 X,
1176 2479 1245 2557 ot),
1266 2477 1323 2561 Δῆ-

258 2601 342 2664 μος,
358 2575 471 2666 Ἥρως
491 2581 627 2660 (Euseb.
657 2577 742 2644 hist:
760 2578 842 2642 eccl.
865 2577 931 2659 111,
953 2579 1005 2646 36.
1028 2578 1094 2660 IV,
1115 2579 1184 2659 λθ),
1209 2571 1323 2653 Κόννος

260 2683 364 2759 (Plat.
393 2681 532 2748 Menex.
563 2681 590 2772 d.
613 2685 644 2748 3.
668 2680 713 2747 cf.
736 2678 847 2744 Koen.
872 2680 1018 2765 Gregon
1037 2701 1070 2764 p.
1092 2681 1181 2759 291),
1202 2677 1322 2768 Κοίρα-

163 2857 166 2864 ,
257 2807 314 2862 νος
344 2785 472 2868 (ΙΙΙμΕ,
503 2785 586 2851 677.“
607 2785 643 2859 Ρ,
672 2787 760 2862 610),
792 2773 959 2869 Τύραννος
978 2782 1149 2866 (Apollod.
1171 2783 1222 2865 11,
1244 2785 1275 2864 4,
1294 2785 1319 2846 5.

256 2887 380 2952 Euseb.
408 2885 441 2952 h.
473 2885 555 2952 eccl.
586 2885 669 2966 VII,
700 2889 768 2967 32),
790 2881 937 2972 Νεφέλη.
966 2885 1078 2976 ‘flacc
1101 2889 1138 2950 et
1158 2885 1263 2950 multa
1282 2883 1322 2950 si-

123 3046 128 3057 ,
193 3059 198 3065 ,
255 2989 351 3061 milia
371 3007 469 3052 nemo
492 2990 593 3054 aliter
614 2989 751 3071 scribit,
769 2989 920 3074 quamvis
943 2992 978 3050 ct
999 2985 1107 3051 hodie
1123 2989 1168 3052 ad
1189 2991 1320 3074 propria

165 3080 180 3135 s
254 3109 318 3176 per
339 3097 513 3156 accentum
534 3090 770 3174 distinguenda
790 3089 1021 3174 promtissimi*
1035 3091 1114 3155 sint.
1170 3091 1318 3169 Causam,

255 3191 345 3280 quod
367 3193 588 3274 meminerim,
610 3213 708 3282 nemo
738 3194 836 3258 dixit.
889 3189 1031 3256 Scilicet
1053 3192 1195 3257 inclinat
1214 3209 1319 3258 sermo

254 3295 404 3362 Graccus
434 3295 471 3358 in
494 3293 566 3358 'hoc
588 3295 632 3360 ad
654 3293 889 3360 retrahendum
911 3301 1106 3377 accentum,
1136 3313 1206 3358 non
1226 3293 1319 3357 incli-

251 3403 311 3463 nat
325 3413 328 3420 ’
341 3397 401 3463 ad·
417 3397 688 3482 promovendum.
741 3397 790 3460 Et
820 3396 1068 3463 substantivum
1096 3395 1253 3481 quidem,
1285 3395 1317 3456 in

250 3502 320 3566 viri
351 3493 539 3565 feminaeue
571 3485 691 3563 nomen
722 3487 1018 3579 transformatum,
1051 3500 1185 3582 inquo
1220 3495 1316 3562 finem

195 3657 197 3668 ,
249 3621 368 3669 versus
406 3604 566 3694 accentus
603 3603 778 3684 promotus
814 3599 879 3688 sit,
921 3600 1006 3694 mihi
1050 3601 1177 3684 nullum
1221 3618 1316 3666 unum

245 3709 384 3791 'praesto
424 3709 495 3784 σοι,
537 3707 578 3770 ut
614 3691 869 3786 Ptolemaeum,
908 3721 987 3768 cum
1021 3695 1169 3786 Σκσανός
1208 3701 1317 3788 requi·

248 3919 470 3947 annana-'q

297 4044 325 4110 *)
342 4037 469 4115 Σκύμνος
486 4039 501 4098 ό
521 4047 689 4124 Ταραντῖνος
705 4044 804 4098 Athen.
821 4003 864 4102 id.
889 4060 914 4099 a.
932 4044 992 4102 538.
1025 4041 1210 4115 oeogmpnm
1227 4045 1312 4098 notus.

391 4345 425 4382 *⁷
