2824 4756
191 300 214 380 r

1074 383 1154 471 nea

75 561 214 644 potarat
244 557 281 621 in
309 559 410 622 textu
445 556 519 621 eius
550 537 910 640 Homerico‘accentu
939 557 1145 622 instructum

76 655 151 727 esse
172 661 330 740 verbum,
360 659 498 744 quinio
521 659 769 728 commentariis
791 661 956 723 rationem
977 659 1146 724 redderet.

76 765 208 828 Contra
236 763 266 826 si
291 763 408 844 ,omnia
429 763 578 843 notavit,
611 765 830 846 poterantne
850 764 964 846 potius
986 761 1148 829 debebant

76 869 185 938 muita
206 883 291 946 esse,
308 883 399 948 quae
420 869 555 929 notasse
575 863 769 932 sufficerett
792 863 874 956 quin
896 861 1149 949 poterat‘facihe

76 987 153 1032 curn
175 967 389 1031 aliistmuitis
409 987 511 1035 unam
532 972 568 1030 et
588 968 732 1033 alterum
754 968 1150 1051 etiampraetenuissum

35 1107 37 1112 ·
79 1089 160 1134 esse
177 1069 391 1154 impeditius,
420 1069 518 1134 cuius
540 1069 665 1154 quibus
682 1076 800 1154 postea¹
820 1069 1012 1137 Aristarchi
1035 1076 1151 1156 aucto·

79 1175 169 1236 ritas
185 1173 363 1256 plurimum
384 1159 533 1253 uniebat,
556 1179 594 1236 ut
616 1162 849 1253 Herodianus,
873 1173 1025 1237 rationes
1042 1174 1151 1238 nesci-

72 1281 166 1340 rent.
229 1275 334 1358 Atqui
366 1275 556 1340 invenimus
588 1273 680 1339 hand
710 1293 790 1340 raro
822 1269 1052 1339 Herodianum
1083 1294 1151 1359 quo

78 1382 221 1442 accentu
243 1375 463 1441 Aristarchus
484 1377 682 1444 uocabulum
703 1377 875 1446 notaverit
896 1377 1008 1458 scire,
1031 1377 1152 1461 quibus
1244 1403 1246 1410 ‘

78 1481 267 1567 rationibus
289 1479 409 1544 ductus
430 1480 494 1558 sit,
516 1476 657 1552 nescire,
687 1483 721 1541 et
742 1477 1041 1556 demonstrabimus
1061 1479 1154 1544 infra
1176 1519 1182 1534 ν.
1204 1505 1211 1511 ·

83 1601 320 1666 nonnunquam
341 1581 495 1673 rationes
516 1579 558 1646 ab
580 1570 779 1646 Aristarcho
793 1571 919 1644 alienas
935 1581 967 1644 ei
982 1579 1152 1648 tribuisse.

59 1773 60 1778 ἵ
146 1785 256 1867 Satis,
289 1784 412 1870 opinor
440 1784 567 1848 ciarum
597 1787 675 1864 est,
700 1749 909 1868 quantopere
935 1781 1008 1847 hoo
1022 1785 1057 1848 in
1078 1785 1155 1850 locu

45 1884 54 1904 '
82 1889 126 1963 ab
158 1907 226 1956 unc
255 1887 390 1951 homine
412 1887 634 1970 pendeamuse
664 1886 724 1950 sed
747 1887 778 1950 si
799 1883 885 1949 mibi
905 1885 1082 1952 dicendum
1104 1893 1156 1954 est

36 2075 37 2082 ἵ
83 1989 176 2074 quod
203 1989 314 2096 s'tio
340 1990 439 2074 (quae
468 2005 535 2053 non
556 1994 681 2053 temere
702 1993 839 2072 arrepta
859 1979 974 2072 opinio
996 1997 1062 2071 est,
1095 1991 1156 2056 sed
1198 1999 1206 2057 J

84 2099 124 2158 ut
153 2093 191 2156 iu
223 2103 261 2156 re
288 2085 488 2175 gravissima
516 2089 682 2176 diuturna,
703 2095 739 2155 'et
767 2091 911 2174 repetita
938 2091 1157 2158 meditatione
1201 2177 1203 2184 Ι

86 2193 246 2274 invaluit)
267 2199 319 2258 est
338 2192 505 2288 profectos
518 2191 609 2278 quod
629 2193 726 2259 nobis
736 2193 941 2276 gratuiemur
953 2191 1042 2258 hunc
1054 2215 1156 2260 unum

87 2315 163 2361 esse
179 2280 432 2378 'Aristarchum
455 2297 513 2380 qui
535 2317 572 2360 se
593 2295 874 2361 modestissimum
888 2296 1054 2380 praebuit,
1076 2317 1157 2363 ana-

85 2400 197 2482 iogiae
217 2409 368 2463 normam
390 2417 488 2483 quam
509 2399 667 2463 universe
688 2402 726 2462 ut
745 2400 931 2471 constatin
952 2399 1076 2482 linguis
1096 2419 1159 2464 va·
1213 2416 1245 2492 ’κ
1285 2449 1291 2466 ,

86 2502 158 2566 iere
185 2501 296 2586 voluit
326 2500 498 2568 moderate
520 2500 690 2581 adhibuit,
706 2519 799 2585 ¹prae
825 2495 978 2582 maingis
1000 2507 1034 2564 et
1055 2502 1159 2565 certis

85 2601 232 2687 fixisque
263 2603 390 2687 regulis
410 2623 512 2687 usuru-
527 2599 632 2684 tuitus
653 2607 688 2667 et
708 2603 826 2666 nativo
847 2603 989 2686 quodam
1012 2591 1160 2668 confisus

91 2725 210 2784 sensu,
242 2715 310 2788 quo
332 2705 368 2767 in
390 2707 503 2789 patrio
525 2691 669 2769 maxime
690 2700 845 2768 sermone
866 2696 1039 2794 doctiores
1060 2723 1159 2789 saepe
1182 2775 1183 2782 χ

88 2807 197 2872 nescii
223 2807 267 2871 ad
296 2823 413 2871 verum
443 2807 620 2872 ducuntur.
675 2805 776 2882 Quod
797 2810 954 2889 quantum
974 2805 1088 2870 ualeat
1109 2807 1161 2870 in-

91 2908 258 2990 telligitur
273 2908 440 2996 ,maxime
468 2903 684 2992 ‘comparatis
723 2906 919 2991 quibusdam
963 2910 1161 2991 posterioris

55 3047 61 3055 ·
92 3009 169 3075 aevi
196 3011 442 3092 grammaticis,
472 3025 547 3074 cum
576 3009 661 3072 aiios
690 3008 785 3088 dico,
816 3014 885 3098 tum
908 3008 1163 3094 Tyrannionem

92 3117 128 3176 et
167 3101 397 3176 Ascalonitam
428 3111 673 3196 Ptolemaeum,
714 3111 772 3195 qui
810 3109 1027 3176 Gottschedii
1058 3113 1163 3178 simiii

93 3211 206 3276 studio
228 3211 316 3276 nihii
338 3233 405 3278 uon
426 3219 519 3278 certa
540 3213 683 3300 quadam
697 3212 810 3296 regula
826 3212 990 3298 adstringi
1006 3215 1164 3280 volebant

23 3303 26 3311 ‘
93 3315 132 3388 (a
159 3333 227 3398 quo
254 3333 366 3380 sermo
393 3317 569 3400 ingenioso
596 3314 724 3381 homini
745 3315 867 3380 similis
889 3313 1077 3397 abhorret),
1105 3317 1164 3401 qui

88 3415 268 3482 vinauditos
298 3436 361 3481 uec
390 3438 410 3481 a
439 3414 598 3502 paradosi
626 3419 680 3496 uel
707 3420 749 3482 ab
776 3416 964 3482 Herodiani
986 3417 1164 3481 modestis-

96 3539 160 3602 quc
180 3519 408 3601 grammaticis
429 3527 582 3603 receptos
598 3525 760 3585 occentus
774 3511 994 3585 excutiebant.
1038 3519 1165 3583 Contra

98 3628 132 3684 et
158 3621 334 3704 paradosis
363 3627 399 3686 et
432 3623 597 3687 eiusmodi
626 3623 836 3707 grammatici
867 3623 966 3703 ionga
988 3621 1023 3684 in
1044 3617 1165 3706 picris·
1265 3689 1267 3694 ,

98 3738 163 3806 que
191 3722 391 3790 Aristarcho
420 3723 637 3808 adstipulati,
663 3725 734 3788 imo
765 3725 838 3787 eius
866 3711 995 3798 iudicii,
1016 3733 1166 3788 nonnun—
1256 3771 1266 3792 a

99 3844 198 3908 quarn
226 3827 302 3910 pius
330 3823 450 3891 confisi
478 3831 573 3908 sunt,
607 3845 706 3910 quam
734 3827 804 3890 suis
833 3824 1034 3890 rationibus:
1067 3845 1165 3910 quem
1275 3809 1276 3820 ¹

98 3923 261 3993 honorem
288 3947 350 4013 per
377 3935 432 3994 tot
460 3929 595 3994 saecule
621 3947 788 4014 nunquam
817 3925 994 3992 mendacio
1015 3919 1167 3997 habitum

95 4027 260 4102 arbitror.
1237 4025 1240 4032 '

286 4133 292 4144 ⁴
869 4131 941 4198 rr*
1010 4119 1012 4126 ’
