2824 4756
1107 355 1172 426 249
1246 407 1249 413 -

414 435 442 482 N

169 537 267 608 Haec
298 538 375 619 'post
390 568 393 576 ·
407 528 608 610 commenta,
640 531 726 598 haec
754 523 831 618 post
851 533 1025 620 nugatoria
1047 535 1080 596 et
1100 530 1174 621 οἰο-

106 637 199 704 lanta
221 639 407 702 conamina
441 639 572 702 intuere
598 636 790 702 Aristarchi
819 637 909 702 viam
937 642 971 700 et
998 635 1173 723 rationem,

105 957 185 998 esse:
216 942 288 997 hauc
307 941 379 997 enim
408 942 437 998 iu
459 944 513 1000 hac
530 961 562 998 re
588 943 780 1015 Pherecydem
797 949 1021 1010 commemorare,
1038 950 1069 996 ut
1086 937 1178 995 videri

104 1037 202 1096 posset
217 1029 288 1106 lmuc
305 1028 449 1082 lectionem
475 1029 505 1082 in
527 1046 577 1084 suo
596 1030 710 1084 Homeri
729 1029 1062 1098 exemplari'offendisse.
1097 1027 1178 1080 Hanc
1230 1030 1231 1034 ’

104 1123 222 1183 propter
240 1114 468 1180 observationem,
487 1114 511 1168 si
530 1115 653 1181 neglecta
670 1115 766 1180 fuerat,
786 1114 902 1182 gratiam
911 1114 1011 1168 meruit
1021 1111 1176 1181 Didymusz

106 1209 223 1254 attamen
253 1197 282 1250 in
309 1205 412 1250 textum
435 1215 489 1252 non
516 1199 603 1266 magis
630 1198 726 1252 inferri
751 1201 884 1264 debebat,
910 1215 990 1266 quam
1008 1193 1108 1252 Κάνων
1125 1210 1178 1266 pro

102 1280 193 1348 Κόων,
210 1282 286 1336 filius
304 1281 468 1347 Antenoris,
489 1286 529 1350 T,
553 1288 593 1340 53.
613 1282 661 1336 Sic
690 1284 762 1337 enim
782 1285 960 1356 Pherecydes
978 1299 1039 1336 enm
1055 1283 1178 1344 dixerat,

104 1378 173 1424 teste
197 1369 291 1423 Schol.
320 1367 353 1421 V.
379 1368 406 1420 lt.
435 1368 453 1420 l.
497 1369 550 1421 Hic
568 1368 650 1422 facile
667 1371 751 1424 credo
769 1369 964 1442 Pherecydem
982 1358 1123 1438 Cynonartt
1141 1379 1184 1419 ex*

105 1469 156 1508 suo
173 1454 297 1521 Homero
315 1454 452 1508 habuisse.
495 1453 635 1511 Similiter.
653 1456 758 1509 iudicat
776 1454 869 1510 Schol.
887 1454 969 1509 Pind.
989 1453 1033 1506 Ol.
1050 1453 1117 1517 vu,
1134 1453 1178 1518 ta,

104 1537 153 1594 ubi
181 1539 340 1605 Tlepolemi
358 1548 445 1592 mater
469 1554 485 1591 a
502 1539 626 1592 Pindaro
644 1534 744 1608 dicitur
760 1536 949 1603 Ἀστυδάμεια,
966 1554 1037 1604 quae
1054 1538 1179 1596 Homero

101 1633 144 1678 est
161 1625 208 1690 (B,
225 1625 288 1683 658)
303 1619 462 1691 Ἀστυόχεια
480 1620 572 1690 ,βιὸς
589 1611 620 1676 δὲ
637 1609 686 1676 σὸν
709 1623 853 1695 Πίνδαρον
878 1620 1033 1688 ἀπαντῆσαι
1044 1615 1129 1691 ’ταύτῃ
1147 1619 1179 1691 τῇ

103 1699 227 1781 γραφῇὲἐ.
271 1701 352 1762 Quod
377 1707 405 1760 in
418 1708 480 1760 ’hoc
505 1708 633 1773 exemplo
648 1701 738 1774 (quod
757 1708 830 1761 alter
848 1708 934 1762 schol.
954 1709 1034 1760 aliter
1052 1705 1179 1758 iudicata

102 1794 223 1857 videtur)
242 1799 404 1860 quamquam
421 1792 518 1858 negari
531 1807 589 1844 uon
608 1801 700 1862 potest
726 1802 813 1845 tamen
831 1807 976 1859 nonmpus
994 1800 1037 1844 est
1054 1790 1180 1842 crederet

103 1879 209 1944 Eadem
235 1893 252 1930 a
277 1874 442 1946 Pherecyde
468 1875 549 1929 tertio
577 1877 624 1929 sed
648 1877 711 1929 item
735 1877 820 1931 simili
847 1876 957 1930 nomine
991 1875 1065 1928 dicta
1087 1872 1181 1926 Ἀστυ-

104 1967 207 2032 γένεια.
241 1961 311 2015 Nam
329 1961 397 2013 haec
414 1960 550 2014 nominum
569 1959 744 2016 insimiliter
761 1959 947 2029 significantia
963 1957 1179 2024 transformatio,

104 2049 141 2102 de
158 2063 212 2114 qua
229 2046 314 2106 multi
324 2045 462 2110 dixerunt,
479 2047 618 2101 invenitur
635 2046 717 2102 etiarn
735 2047 764 2099 in
789 2047 927 2118 mythicis.
964 2044 1181 2124 simplicissima
1285 2035 1287 2040 ¹
1372 2095 1375 2102 .

105 2141 168 2188 sunt
194 2135 240 2196 (ne
266 2145 337 2185 nunc
368 2147 402 2184 ea
432 2147 642 2186 commemorem
667 2131 714 2185 ubi
741 2132 846 2198 duplex
875 2130 1120 2200 terminatiomst,
1147 2123 1181 2182 'ut

111 2213 213 2290 Μάκαρ
229 2211 383 2288 Μακάριος,
401 2213 541 2281 Πλούτων,
561 2250 593 2260 -
610 2211 655 2276 atie
671 2218 751 2271 Voss.
770 2217 864 2288 hymn.
883 2200 946 2270 'Cera
963 2233 991 2282 p.
1011 2217 1081 2282 149.)
1093 2211 1180 2288 ’drau-

105 2304 235 2369 κλσμένη,
253 2303 450 2373 Περικλυμένη,
468 2304 604 2370 Κλυμένη,
623 2302 727 2355 Miller
744 2302 815 2373 cycl.
840 2305 899 2358 ΗΒ.
921 2301 1024 2355 lsseine
1048 2299 1118 2353 Stes.
1136 2303 1180 2356 59.

107 2387 200 2442 Mater
216 2386 310 2442 Aiacis
325 2385 443 2458 Ἐρίβοια
463 2395 491 2440 et
512 2391 663 2463 Περίβοια,
686 2403 736 2440 nec
754 2395 814 2441 erat
830 2386 905 2454 quod
931 2388 1048 2440 alterum
1075 2375 1180 2438 tantum

108 2473 229 2526 retinere
247 2458 331 2525 vellet
348 2473 451 2526 Osann.
469 2472 504 2526 de
522 2471 608 2540 Soph.
628 2472 674 2527 at
692 2490 720 2542 p.
739 2475 780 2546 55.
808 2472 881 2527 Ouid
898 2472 974 2536 quod
992 2469 1087 2523 eadem
1104 2466 1180 2534 apud
1232 2463 1234 2470 ’

106 2557 296 2630 Pherecydem
322 2557 464 2625 Φερίβοια,
483 2575 508 2614 v.
526 2557 659 2612 Huschke
676 2557 755 2611 Anni.
776 2555 828 2610 litt.
846 2559 906 2622 325,
925 2571 979 2622 quo
1005 2563 1080 2608 certe
1102 2561 1179 2606 recte

103 2627 272 2710 explicatum
290 2642 356 2709 quid
374 2642 411 2695 sit
428 2640 546 2714 Ἐρίβοια
563 2653 591 2696 et
608 2646 755 2714 Περίβοια,
774 2658 812 2695 sc.
837 2636 908 2710 γυνη
927 2635 1103 2711 πολύδωρος,
1130 2635 1179 2690 at-

107 2732 243 2796 ηεσίβοια.
263 2759 296 2774 -
318 2727 407 2780 Filius
437 2727 556 2798 Odyssei
586 2727 744 2795 Tpit‘yoaoe'
761 2735 788 2780 et
815 2725 972 2794 Tnltdupoe
993 2723 1071 2777 ltust
1102 2723 1179 2778 tras

106 2813 190 2868 Uxor
206 2812 351 2866 Phorooei
368 2813 495 2880 Λαοδίκη
512 2822 539 2866 et
559 2813 783 2881 Τηίοδίιη,,8ιο1
802 2812 838 2866 ad
855 2811 955 2876 Rhitn.
981 2825 1008 2876 p.
1045 2811 1088 2864 tt.
1129 2803 1179 2858 'Io-

107 2893 190 2962 κάσιη
217 2906 245 2948 et
269 2891 421 2964 Ἐπικάστη.
463 2899 502 2952 Ει
526 2900 643 2954 sortasse
666 2897 763 2952 eodem
781 2905 856 2950 reete
877 2897 1012 2949 reseretur
1031 2891 1180 2964 Ἰφιγένεια

64 3038 67 3046 ,
107 2989 137 3034 et
159 2974 330 3048 Ἰφιάνασσα.
364 2981 459 3037 ,Μάιον
476 2984 628 3053 Eurysthei
645 2982 719 3052 apud
736 2980 927 3051 Pherecydem
946 2977 1087 3050 Ἀμφιβία,
1104 2978 1179 3050 apud

78 3084 90 3104 ν
105 3063 258 3122 Hesiodum
271 3063 388 3140 ’Λρτιβίοι
406 3069 463 3131 (vel
475 3066 604 3135 Ἀντιβία)
622 3077 651 3119 et
673 3093 704 3110 -s
722 3069 861 3132 Νικίππη,
880 3065 952 3132 sch.
966 3067 1006 3131 Τ,
1026 3071 1084 3126 1113.
1102 3061 1179 3119 Λεά-
1214 3078 1217 3086 ’

106 3167 184 3223 νειρα
202 3149 265 3204 aliis
282 3151 452 3224 Μεγάνειρα,
470 3155 570 3223 Heyue
587 3151 719 3218 Apollod.
738 3151 767 3217 1,
783 3153 811 3214 ’5,
830 3156 855 3206 l.
895 3149 953 3204 Nec
971 3151 999 3205 id
1020 3151 1111 3205 errori
1128 3149 1179 3204 tri·

109 3229 165 3290 buo
183 3235 257 3302 quod
274 3235 340 3291 Elei
365 3245 459 3303 mater,
486 3252 557 3305 quae
579 3253 624 3304 ap.
656 3235 823 3290 Pausaniam
841 3245 883 3290 est
899 3231 1058 3314 Εὐρυκύδα,
1086 3236 1115 3290 in
1133 3237 1178 3290 lit.
1201 3304 1202 3307 Ἴ

107 3321 147 3376 Μ.
173 3325 240 3386 tas,
276 3323 311 3378 29
337 3329 380 3375 est
411 3318 572 3396 Εδρωιδίηι
606 3327 723 3397 propter
751 3321 839 3375 solam
874 3322 1062 3376 necessitatem
1096 3321 1178 3377 metri
1272 3379 1278 3394 ,

107 3415 218 3479 poetam
251 3406 372 3474 aliquem
406 3406 444 3462 ita
476 3408 672 3464 transformare
708 3406 832 3474 potuisse
865 3406 933 3462 mihi
965 3423 1020 3461 non
1053 3407 1177 3464 dubium.

109 3491 251 3547 Quodne
269 3493 398 3547 admonet
418 3491 542 3546 incuriae
560 3492 663 3556 stolii,
686 3492 786 3561 quiad
803 3491 904 3548 Rhian.
921 3509 949 3563 p.
967 3496 1002 3550 26
1027 3490 1178 3564 inclinabat
1269 3519 1271 3524 ·

108 3565 292 3638 Aristomenis
327 3586 431 3648 patrem
462 3577 494 3640 itt
523 3577 627 3634 Rhiaui
659 3577 826 3644 hexametris
856 3576 897 3632 sic
927 3584 957 3629 ut
987 3593 1004 3632 a
1030 3575 1177 3633 Messeniis

110 3661 265 3716 nominatus
291 3669 333 3716 est
353 3656 514 3729 Νικομήδην
538 3663 632 3718 luisse.
663 3695 697 3708 ·-
719 3663 775 3721 uui
804 3663 966 3734 plerumque
998 3662 1177 3734 Eurymedon

109 3755 168 3800 erat
195 3747 343 3816 Gigantum
370 3747 436 3814 quin
464 3750 499 3802 ab
528 3747 623 3815 aliquo
649 3755 732 3818 poeta
756 3748 803 3801 vel
826 3739 1029 3819 mythographo
1055 3737 1177 3814 potuerit
1225 3775 1230 3786 ·

108 3831 243 3900 insignite
279 3833 437 3888 oromedou
465 3832 521 3888 dici
553 3849 609 3887 uon
642 3831 830 3888 dubitantium.
890 3832 972 3888 Quod
996 3821 1093 3886 'tamen
1120 3849 1179 3896 non

109 3917 232 3971 meminit
260 3918 393 3980 Huschke
424 3919 495 3980 anal.
521 3917 571 3974 litt
598 3935 626 3988 p.
651 3922 711 3976 siti.
736 3947 767 3962 -
789 3919 836 3983 De
861 3917 1018 3982 Cassandra
1042 3912 1175 3986 etrllex·
1238 3985 1245 3998 ι

54 4061 58 4068 ,
104 4003 192 4060 andra
207 4002 353 4072 ursmare
370 4001 485 4073 scripsit
501 4005 675 4072 Hermauuus
691 4003 761 4063 Hac.
779 4007 825 4070 86.
