2878 4750
187 327 196 356 l

116 539 179 604 aed
203 531 348 600 iucunde
368 531 507 594 flantem
529 529 663 592 ventum
685 525 791 590 fnisse
814 528 909 624 coelo
930 548 1049 603 sereno
1070 511 1187 596 navem

123 622 279 706 celeriter
323 633 559 715 impellentem,
624 629 897 712 Poteratssetiam
937 623 993 693 ἆτ’
1029 625 1188 716 οὐρανοῦ,

122 742 184 808 sed
222 739 282 802 nbi
314 739 456 818 interest
491 733 616 798 clarum
646 731 774 796 coelum
797 731 952 839 ‚eogitqri
984 733 1098 814 potius
1125 735 1189 796 eli·
1221 779 1225 787 .

124 832 310 926 ςίλάἰθήρ.
809 901 812 914 ,
852 900 856 915 ,
1036 825 1039 849 ’

188 943 368 1005 Caeterum
390 935 475 1000 levis
499 935 666 1004 correctio
683 934 871 1010 adhibenda
886 935 1103 1000 Aristarcho:
1124 955 1190 1028 non

126 1046 217 1110 omni
251 1063 294 1106 ex
326 1044 423 1126 parte
455 1038 544 1101 idem
562 1045 625 1110 ¹est
653 1031 758 1123 αἰθήρ
788 1044 821 1100 et
849 1030 1017 1123 οὐρανός,
1045 1031 1193 1125 Οὐρανός
1229 1107 1234 1119 ,

127 1147 234 1210 omnis
265 1147 377 1225 regio,
411 1161 495 1224 quae
515 1142 632 1204 ‘nubes
664 1140 820 1218 excedit,
851 1159 917 1221 qua
940 1140 988 1202 dii
1010 1145 1107 1221 sunt3
1131 1139 1191 1204 sed

128 1249 200 1314 eius
222 1226 336 1308 infima
357 1264 454 1327 pars,
488 1262 571 1324 quae
592 1243 783 1306 hominibus
806 1242 947 1306 adversa
969 1250 1031 1323 est,
1056 1246 1191 1326 proprie

128 1352 229 1413 etiam
252 1347 381 1411 dicitur
400 1337 512 1430 αἰθήρ,
536 1346 626 1427 quod
647 1345 746 1407 huius
769 1346 916 1425 regionis
939 1346 1098 1427 splendor
1110 1355 1192 1408 tem-

127 1455 254 1535 pestate
293 1468 414 1514 serena
451 1449 546 1530 quasi
575 1447 744 1508 hominum
777 1445 883 1507 oculis
922 1449 1096 1530 expositus
1128 1453 1190 1511 est.
1220 1507 1234 1520 ,

126 1551 216 1616 Hinc
234 1561 444 1634 'quamquem
480 1554 571 1610 reete
601 1548 662 1608 Dii
695 1547 852 1610 dicuntur
875 1553 909 1608 et
931 1542 965 1610 ἓν
987 1544 1100 1635 αἰθέρι
1117 1570 1193 1612 esse

130 1663 161 1718 et
193 1653 224 1716 ἐν
258 1647 403 1738 οὐρανῷ,
438 1657 547 1712 tamen
577 1653 756 1728 utrumqne
778 1649 876 1732 etiam
899 1649 1058 1730 distingui
1080 1659 1193 1731 potest

125 1753 183 1834 (cf.
207 1751 378 1815 Voelolrer
400 1773 430 1832 p.
455 1749 519 1826 18),
542 1749 636 1810 utin
658 1748 727 1810 illis
751 1741 856 1833 αἴγλη,
881 1740 1066 1833 ὀρυμαγδὸς
1085 1745 1124 1813 ‹lo'
1143 1744 1191 1812 αἷ-

125 1853 228 1940 alpos
250 1846 389 1938 οὐρανὸν
410 1842 459 1914 ἷκε
481 1851 534 1928 (B,
557 1851 629 1914 458.
674 1851 709 1924 Ρ,
734 1851 819 1927 426),
844 1855 877 1913 et
893 1851 1023 1933 quando
1040 1852 1194 1934 Minerva
1295 1900 1300 1910 ,

128 1951 220 2042 ἅρπῃ
244 1948 349 2017 εἰκυῖα
371 1951 586 2038 τανυπτέρυγι
607 1943 782 2038 λιγυφώνῳ
801 1945 945 2039 οὐρανοῦ
958 1945 993 2015 ἐκ
1006 1951 1194 2017 κατέααλτο

90 2049 170 2122 ’·“δι’
197 2050 344 2142 αἰθέρος.
493 2132 495 2140 Ι

185 2159 269 2234 ΙΗοο
291 2157 368 2222 ideo
391 2178 486 2222 secus
508 2156 677 2222 intellexit
698 2156 918 2224 Aristarchus
945 2159 1035 2241 quod
1058 2151 1196 2246 οὐρανόν

130 2268 265 2344 praeter
295 2281 366 2325 eam
396 2260 437 2323 de
468 2281 534 2344 qua
562 2280 650 2324 nuno
681 2262 806 2343 egimus
839 2259 1116 2346 significationem
1137 2283 1196 2346 pu-

25 2360 27 2366 ’
128 2365 213 2427 tavit
234 2366 333 2427 etiam
354 2358 391 2426 τὸ
415 2359 601 2448 στερέμνιον
622 2361 815 2446 significare
836 2365 887 2442 (ut
908 2364 1083 2442 Vossius).'
1106 2363 1196 2427 Illud
1241 2367 1244 2377 '

29 2515 32 2521 .
129 2465 372 2531 firmamentum
404 2457 574 2529 intellexit
605 2467 677 2529 sine
709 2465 810 2554 dulpio
843 2465 974 2548 quando
1004 2466 1131 2529 dicitur
1154 2459 1194 2530 δι’

130 2561 266 2654 αἰθέρος
288 2560 427 2653 οὐρανὸν
446 2555 515 2631 ἷκεν
536 2574 569 2632 et
590 2567 760 2632 intellexit
781 2569 817 2631 in
836 2588 878 2632 eo
900 2568 974 2647 looo
998 2569 1056 2630 ubi
1078 2567 1120 2630 de
1141 2567 1198 2648 lu·
1253 2559 1256 2566 ’

129 2672 226 2733 nonis
247 2669 414 2752 unguento
436 2669 560 2732 dicitur
591 2716 593 2720 .
692 2713 693 2720 ι
911 2683 916 2710 ¹
1163 2660 1166 2669 ’

256 2767 359 2855 ἔμπης
389 2768 422 2846 ἐς
452 2763 548 2854 γαῖάν
568 2794 603 2836 τε
625 2768 681 2836 καὶ
703 2765 842 2859 οὐρανὸν
861 2763 938 2835 ἵκετ’
963 2763 1069 2851 ἀϋτμή

131 2871 234 2946 unde,
249 2872 300 2942 (ut
327 2872 487 2950 vidimus)
516 2894 581 2938 nou
610 2874 724 2957 inepte
746 2873 859 2954 colligi
881 2873 1012 2956 putavit
1033 2869 1118 2934 illud
1139 2869 1198 2935 fir·-

36 2969 48 2998 ²
131 2959 394 3036 mamentnmab
418 2974 556 3058 Olympi
576 2975 805 3058 eacuminibus
834 2979 961 3035 tantum
984 2965 1198 3046 fereabesse

134 3079 291 3158 quantum
303 3081 435 3137 terram.
450 3112 452 3115 -
470 3077 504 3140 N
507 3096 545 3137 eo
558 3079 700 3158 possunt
711 3095 778 3136 non
789 3074 856 3136 tale
867 3073 994 3156 fingere
1012 3075 1200 3140 firmamen-

132 3179 212 3254 tum,
237 3195 302 3257 quo
325 3181 397 3238 tota
419 3197 560 3259 superne
583 3175 794 3254 clauduntur,
817 3178 876 3258 qui
899 3169 1036 3264 οὐρανὸν
1050 3171 1199 3262 ααγχᾶλ·

132 3297 223 3352 κεον,
259 3271 409 3361 σιδήριον
440 3280 577 3362 proprio
610 3297 708 3341 sensu
742 3277 922 3360 accipiunt.
968 3279 1068 3356 Quod
1091 3283 1198 3362 ipsum

132 3377 364 3440 Aristarchum
388 3365 521 3444 secisse
534 3386 613 3466 puto
635 3381 725 3460 inde,
749 3380 841 3462 quod
860 3384 896 3445 in
918 3382 992 3447 illis
1013 3383 1199 3447 notissimis

132 3481 287 3544 versibus
309 3480 352 3558 (λ,
377 3484 463 3557 313).
868 3555 872 3562 ,

217 3579 253 3644 oi'
272 3581 314 3666 ῥα
336 3580 392 3646 καὶ
414 3575 632 3648 ἀθανάτοισιν
654 3577 841 3670 ἀπειλήτην,
854 3580 888 3652 ἓν
907 3578 1067 3673 Ὀλύμπῳ
1131 3647 1138 3661 ,

215 3681 387 3766 epitomata
409 3679 537 3769 στήσειν
559 3679 741 3761 πολυάϊκος
763 3685 947 3770 πολέμοιο·
1087 3712 1094 3741 l

207 3775 332 3848 Ὄσσαν
355 3778 405 3850 ἐτ’
428 3781 594 3872 Οὐλύμπῳ
608 3785 759 3870 μέμασαν
775 3787 895 3871 θέμεν·
918 3782 1022 3876 αὐτὰρ
1036 3781 1202 3878 ἐπ”Όσσγγ
1286 3783 1296 3878 ἶ

202 3884 209 3921 ·’
218 3881 345 3971 Πήλιον
367 3882 594 3976 εἰνοσίφυλλον
614 3883 655 3953 ἵν’
678 3883 985 3975 οὗρανὸς’ἷλριβατο’ς
1007 3884 1067 3975 ei'q

135 3983 220 4054 ouo·
243 3987 378 4058 ultimos
401 3991 463 4074 pro
486 3994 611 4085 spuriis
633 3989 752 4058 habuit
774 4000 807 4062 et
828 3988 963 4075 quidem
982 4012 1055 4058 eam
1070 3995 1110 4059 ab
1124 4016 1203 4060 cau·

979 4292 990 4325 (
