2824 4756
139 567 142 578 ’
276 548 414 631 atitnrn,
436 548 474 613 id
492 519 601 613 toturn
621 548 665 612 ab
686 542 886 614 Aristarcho
907 543 1056 631 pendere
1076 543 1153 608 iure
1172 542 1353 610 contendi-

276 671 361 718 rous.
414 651 551 740 Etenim
581 669 781 736 quamquam
813 647 1060 732 Aristophanes
1091 645 1221 710 dicitur
1253 653 1352 711 notas

276 759 477 818 accentuum
505 755 693 834 invenisse,
723 757 835 815 tamen
862 751 898 813 in
918 750 985 815 boc
1006 767 1129 834 genere
1149 747 1225 813 eius
1247 769 1352 832 opera

275 857 402 938 exigua
422 855 507 937 fuit,
539 853 688 920 fortasse
708 853 743 918 io
766 819 979 937 genethlibus
1001 848 1201 937 quibusdam
1223 851 1350 933 regulis

277 959 391 1041 potius
417 976 520 1042 quam
550 957 587 1020 id
617 956 759 1040 singulis
779 961 957 1040 poetarum
977 955 1120 1019 vocibus
1139 953 1301 1017 notandis
1322 959 1350 1018 et

274 1059 501 1143 expediendis
530 1065 714 1142 occupatae
746 1063 781 1123 et
808 1059 843 1122 si
876 1057 959 1142 qnid
990 1052 1157 1120 eiusmodi
1189 1055 1345 1134 tentavit,

278 1181 362 1247 prae
392 1159 614 1226 Aristarchea
639 1179 757 1242 opera·
772 1163 844 1222 tam
864 1159 957 1224 exile
975 1160 1085 1223 visum
1109 1159 1163 1220 est
1184 1161 1225 1220 nt
1246 1161 1349 1220 toturn

276 1263 322 1328 ab
342 1263 403 1327 illa
424 1263 638 1326 obrueretur.
691 1259 931 1344 Aristophanis
951 1240 1072 1344 magna
1093 1263 1127 1322 et
1147 1258 1349 1323 immortalia

277 1363 323 1428 de
352 1363 446 1426 omni
475 1364 681 1447 antiquitate
707 1363 831 1426 merita
858 1363 1023 1447 reliquiae
1049 1365 1232 1426 testantur:
1262 1363 1351 1424 easi

277 1466 431 1549 quaeris,
463 1483 551 1548 qnae
581 1463 626 1536 ad
656 1465 861 1548 scriptorum
891 1469 1007 1530 textus
1027 1464 1217 1548 pertinent,
1249 1482 1349 1546 saepe

276 1567 352 1631 eius
384 1566 509 1631 mentio
540 1563 581 1631 fit
619 1566 657 1632 in
692 1567 865 1660 sariam
907 1566 1090 1638 tactionum
1123 1563 1279 1645 delecto,
1318 1567 1349 1626 in

277 1669 436 1734 eruendis
466 1671 619 1734 versibus
639 1661 767 1754 spuriis
788 1674 891 1752 atque
912 1670 948 1732 in
969 1669 1069 1733 libris
1088 1666 1143 1731 vel
1166 1668 1349 1731 attribuen-

276 1772 334 1836 dis
362 1772 416 1836 rel
445 1770 682 1836 abiudicandis
708 1772 752 1836 ab
773 1771 969 1836 auctoribus
989 1767 1188 1868 tralatiqiis‚
1219 1769 1256 1832 in
1279 1791 1349 1834 car·

277 1874 423 1939 minibus
454 1873 673 1954 ordinandis,
703 1874 740 1936 in
771 1874 890 1937 metris
920 1869 1156 1956 dispescendis
1188 1871 1348 1956 (Dionys.

277 1970 357 2039 Hal.
394 1995 423 2037 c.
457 1975 550 2038 verb.
580 1973 669 2054 312).
717 1972 786 2038 Sed
815 1974 861 2038 de
889 1976 1086 2040 accentibus
1113 1971 1199 2057 qnid
1220 1974 1349 2038 dixerit

277 2079 340 2140 vix
369 2075 471 2140 semel
504 2081 562 2147 aut
588 2076 642 2140 bis
673 2081 893 2148 memoratum
925 2077 1078 2161 legimns.
1128 2075 1348 2140 Aristarchus

279 2177 385 2260 igitur
405 2176 535 2258 primus
554 2175 592 2238 in
611 2177 836 2263 scriptoribus
857 2198 879 2242 a
899 2197 936 2243 se
957 2177 1078 2259 editis,
1101 2177 1222 2261 epicis,
1246 2180 1348 2261 tragi-

276 2281 343 2358 cis,
364 2277 538 2358 comicis,.
553 2277 694 2362 lyricis,
724 2278 872 2364 singulas
893 2294 998 2346 voces
1018 2267 1178 2350 accentus
1198 2285 1282 2344 nota
1303 2279 1348 2342 di-

182 2439 185 2448 ,
276 2381 408 2472 stinxit.
459 2375 510 2442 In·
524 2380 669 2463 singulis
687 2373 871 2446 'vocabulis
897 2381 939 2446 ab
969 2402 1010 2458 eo
1031 2381 1157 2452 facturn
1179 2402 1257 2448 esse
1276 2401 1348 2448 nus
1392 2385 1393 2474 t

275 2503 378 2568 qnam
405 2481 539 2549 diserte
565 2479 724 2548 traditur.
772 2482 813 2548 si
841 2483 918 2568 qais
947 2483 1053 2568 igitur
1080 2486 1150 2549 erit
1177 2487 1238 2569 qui
1258 2489 1348 2568 putet

278 2587 318 2651 in
348 2585 462 2662 dubiis
493 2588 623 2650 tantum
653 2589 690 2649 et
719 2583 978 2652 difficilioribus
1005 2592 1120 2650 notam
1147 2585 1181 2650 ei
1208 2589 1348 2670 positam

137 2727 139 2734 a
278 2706 370 2770 esse,
391 2685 603 2774 respondebo
624 2683 769 2771 priinuru
789 2689 895 2754 etiam
915 2688 952 2752 iu
972 2688 1222 2770 minutioribus,
1243 2691 1348 2776 qualis

279 2797 337 2857 est
368 2789 600 2875 pronominum
633 2789 791 2868 enclisis,
823 2792 1111 2876 praepositionum
1134 2791 1345 2878 anastrophe,

155 2893 158 2900 ’
279 2899 350 2958 tam
378 2889 589 2976 frequentem
618 2892 691 2956 eius
718 2893 921 2956 mentionem
949 2891 1027 2958 fieri
1055 2898 1093 2958 ut
1114 2892 1283 2960 iamhinc
1304 2897 1349 2958 in-

278 2993 444 3060 dicandus
465 2993 513 3057 sit
533 3009 703 3080 perpauca
722 3012 803 3060 sane
824 2996 1166 3079 intactasreliquisse
1190 3000 1226 3062 nt
1246 2998 1348 3060 tutius

279 3102 373 3162 esset
398 3114 463 3160 nec
494 3096 634 3160 multum
655 3095 782 3168 laboris
803 3097 946 3164 adderet
966 3098 1079 3162 omnia
1099 3097 1199 3162 simul
1221 3104 1350 3162 notare.

280 3196 417 3264 Deinde
443 3214 544 3280 quern
572 3203 747 3264 accentum
775 3196 932 3266 habuerit
963 3201 1064 3264 etiam
1085 3200 1121 3262 in
1142 3200 1186 3266 iis
1208 3219 1351 3264 comme-

284 3304 450 3365 moratum
472 3296 682 3378 invenimus,
703 3298 748 3366 de
768 3301 897 3384 quibus.
911 3299 1111 3370 Aristarcho
1134 3321 1202 3366 uon
1223 3305 1353 3386 poterut

281 3399 415 3468 exoriri
447 3396 631 3474 dubitatio,
663 3419 754 3485 quae
783 3407 854 3465 tum
879 3402 1014 3468 demum
1041 3403 1082 3468 ab
1110 3392 1188 3468 nno·
1204 3405 1351 3474 alterove

282 3503 501 3590 grammatico
534 3499 684 3566 dubitari
717 3507 751 3566 et
782 3501 951 3588 disputari
981 3511 1120 3590 coepta,
1159 3525 1237 3570 cum
1268 3505 1352 3572 haec

266 3605 439 3694 doctrina
468 3601 651 3669 adomnia
677 3603 810 3688 singula
838 3607 980 3672 rationis
1012 3607 1215 3692 regulaeque
1242 3607 1351 3673 facem

193 3763 196 3770 ,
283 3707 464 3774 admovere
489 3708 658 3792 coepisset
684 3711 721 3770 et
749 3712 968 3774 contentione
988 3711 1081 3776 vires
1103 3715 1302 3794 quaereretr
1324 3732 1351 3776 e

284 3827 317 3894 g.
341 3807 389 3872 de
410 3798 579 3895 χαράδρα,
603 3797 714 3895 dixere,
742 3801 878 3898 dduqrur
901 3811 962 3890 (Π,
991 3815 1064 3882 390.
1127 3812 1269 3888 11‚324.
1316 3817 1353 3889 Z,

284 3911 373 3989 229).
426 3910 582 3995 Denique
612 3907 679 3974 hoc
715 3905 875 3980 addam.¹
911 3911 953 3978 Si
982 3935 1026 3980 ea
1059 3921 1188 3982 tantum
1219 3915 1355 3980 notarit

286 4009 518 4095 Aristarchus,
539 4027 625 4098 quae
645 4003 775 4098 aliquid
796 4011 1010 4086 difficultatis
1031 4014 1204 4098 haberent,
1226 4016 1355 4082 nntium
