2878 4750
186 4151 192 4206 l

275 371 336 435 176

275 563 345 606 sam
376 537 466 622 quorl
496 557 549 601 res
578 553 645 624 uon
673 532 749 599 lieri
772 537 899 616 posset:
933 526 1131 602 όθττοῦντατ
1152 525 1199 611 ὥς
1219 527 1344 601 ἀδύνα-

274 667 335 707 τοι.
392 639 486 716 Quid
516 641 597 703 vero
618 636 827 721 impossibile
855 635 923 700 nisi
944 635 988 701 ad
1009 636 1139 700 eoelum
1159 637 1344 702 ascendere

217 785 220 798 ‹
272 737 469 809 aeneum?
522 741 657 806 Etenim
694 741 754 805 illa
788 737 957 802 mirabilia
986 757 1068 803 sane
1099 737 1217 806 Vossii
1245 739 1341 804 fora-

273 847 362 909 mina
389 845 442 907 illi
471 844 506 906 in
559 849 700 908 mentem
729 861 807 905 non·
825 848 998 905 venerant.
1039 841 1113 906 Nos
1135 862 1208 906 enm
1229 845 1341 907 locum

271 953 321 1014 sic
348 947 566 1030 explicamus.
620 943 800 1030 Olympum
826 943 1051 1024 ascendumr)
1078 943 1240 1022 Aloidae3
1268 953 1340 1011 tum

238 1071 240 1082 ·
270 1052 331 1114 Dii
365 1051 442 1112 illos
477 1046 647 1132 fugientes
679 1048 715 1110 in
748 1046 870 1110 altiora
904 1045 992 1109 coeli
1022 1043 1214 1131 aufugiunt3
1254 1068 1340 1133 quac

271 1155 357 1218 coeli
391 1151 522 1214 altiora.
544 1156 580 1214 ut
611 1156 645 1216 et
675 1150 742 1233 ipsi
770 1147 952 1213 ascendere
979 1149 1123 1230 possint,
1156 1169 1232 1214 cnm
1259 1171 1339 1216 aera

271 1243 344 1306 sine
378 1235 544 1300 machinis
572 1237 752 1300 ascendere
785 1254 851 1296 non
884 1233 1031 1316 possint,
1064 1240 1192 1299 montes
1222 1255 1337 1320 snper-

271 1351 402 1406 struere
424 1339 617 1402 mollnntnr.
662 1339 702 1399 ln
723 1335 777 1399 his
800 1337 902 1419 igitur
924 1336 1033 1415 rebus,
1056 1355 1140 1420 quac
1161 1337 1206 1402 a'd
1218 1337 1338 1423 Olym-

272 1467 350 1532 pum
373 1451 407 1508 el
427 1427 573 1505 Urnnum
596 1441 788 1524 pertinent,
822 1438 889 1502 hoc
910 1437 1079 1502 distichon
1100 1439 1185 1506 nihil
1207 1448 1335 1526 peccat.

719 1643 888 1656 ιιι-ιιι*-

335 1764 364 1848 §.
385 1763 417 1829 2.
460 1763 515 1831 De
542 1763 674 1848 reliqna
701 1764 792 1828 facie
813 1763 927 1826 mundi
949 1747 1139 1827 Homerici
1153 1764 1237 1850 quid
1258 1765 1336 1829 Ari-

272 1867 460 1932 ristarchus
492 1867 706 1932 observatum
734 1866 891 1930 habuerit
918 1888 962 1931 ex
990 1868 1108 1950 paucis
1137 1867 1337 1953 fragmentis

273 1971 507 2050 cognovimns=
928 1994 932 2002 ¹
1238 1970 1243 1982 “
1325 2050 1329 2058 Ι

337 2074 370 2147 l)
412 2071 505 2146 Quin
526 2074 617 2135 recte
645 2069 765 2132 Haden
787 2077 823 2133 et
842 2068 1022 2135 Tartarum
1044 2069 1239 2136 distinxerit
1260 2071 1338 2134 inde

271 2176 374 2256 patet,
388 2171 477 2256 quod
495 2172 535 2247 Θ,
551 2174 592 2238 16
604 2164 736 2246 (τόσσον
757 2165 863 2258 ἔνερθ’
885 2164 1002 2238 Αἴδου
1025 2167 1104 2237 ὅσον
1123 2166 1335 2262 οόρανόςέστ’
1424 2203 1425 2208 1

272 2266 341 2338 ἀπὸ
364 2268 471 2359 γαίης)
493 2261 688 2340 notaverat:
703 2266 741 2358 ’ἦ
771 2273 873 2359 διπλῆ
895 2271 1002 2361 πρὸς
1021 2271 1090 2360 τὴν
1104 2267 1193 2340 καθ’
1212 2269 1337 2360 ’Όμη-

272 2396 344 2462 ρον
364 2375 437 2440 τοῦ
459 2367 623 2459 κόσμου
644 2365 776 2454 τάξιν.
805 2375 858 2440 cf.
876 2372 1341 2465 omaslnpetpovgolxaln

273 2475 329 2543 καὶ
350 2470 553 2568 οὐρανίωνας
573 2475 628 2544 καὶ
650 2470 995 2566 ὑποταρταρίους
1021 2476 1077 2544 καὶ
1093 2463 1243 2555 ’Τιτᾶνας
1262 2476 1339 2554 τοὺς

163 2649 170 2663 ,
250 2577 351 2667 περὶ
381 2574 513 2666 Κρόνον
538 2574 649 2658 θεοὺς.
699 2577 738 2654 Ξ,
770 2573 909 2646 ἳῖθότι
928 2577 1005 2657 τοὺς
1027 2577 1104 2668 περὶ
1124 2574 1256 2667 Κρόνον
1276 2583 1337 2643 ae·

273 2679 330 2758 οός
351 2675 617 2770 ὑποταρταρίους
638 2675 882 2769 προςαγορὲόει.
926 2681 1016 2746 Huic
1037 2683 1114 2747 loco
1134 2681 1200 2747 hoc
1220 2681 1338 2746 adiun-

272 2805 396 2866 gamus
452 2787 492 2861 Ψ,
518 2787 560 2852 73
589 2781 641 2850 ότι
670 2782 763 2861 ἐκτός
794 2785 950 2866 ποταμοῦ
971 2777 1173 2852 ὑποτίθεται
1193 2780 1254 2861 τὰς
1274 2785 1337 2848 τῶν
1422 2787 1423 2850 ζ

273 2879 410 2972 ἀτάφων
442 2881 561 2974 ψυχάς.
613 2888 773 2954 Notatum
800 2892 939 2971 propter
972 2883 1155 2954 extremam
1178 2885 1258 2967 0d.‚
1281 2889 1336 2950 nbi

273 2989 387 3051 statim
410 2989 555 3053 nondum
576 2992 700 3076 sepulti
722 2989 765 3054 ad
782 2989 914 3058 inferos
925 2991 1123 3073 perveniunt
1134 2986 1219 3068 (sclr.
1244 2978 1280 3064 τό,
1294 2995 1337 3064 l).
1421 2995 1422 3000 ’

336 3089 371 3167 2)
416 3088 570 3156 Oceanus
598 3091 722 3157 fluvius
744 3100 804 3158 est.
863 3095 899 3172 Y,
922 3096 943 3158 7
964 3083 1054 3165 (οὔτε
1075 3113 1125 3168 τις
1145 3082 1204 3157 οὖν
1223 3091 1338 3154 Ποτα-

271 3189 343 3272 μῶν
364 3181 471 3274 ἀπέην
492 3189 578 3276 πλὴν
610 3193 787 3275 Ωκεανοῖο)
808 3186 828 3280 ἦ
851 3192 953 3278 διπλῆ
976 3188 1037 3260 ὅτι,
1050 3189 1202 3276 ποταμόν
1221 3188 1279 3256 καὶ
1300 3193 1337 3263 (Ι.

272 3281 327 3368 οὗ)
349 3284 525 3356 θάλασσαν
545 3291 603 3358 τόν
620 3287 774 3361 Ὠκεανὸν
795 3293 1017 3384 παραδίδωσι.
1060 3297 1120 3360 Ab
1142 3315 1181 3359 eo
1206 3295 1339 3376 reliqua

206 3431 208 3437 ,
273 3376 413 3439 flumina
453 3379 615 3461 originem
653 3381 786 3444 liabent.
850 3387 896 3456 (a,
933 3379 992 3447 195
1025 3383 1071 3466 cpi
1115 3374 1193 3447 οὐδὲ
1223 3377 1340 3466 κρείων

270 3471 647 3568 Ἀχελώϊος-ἰσοφαρίζει
679 3475 777 3550 οὐδὲ
797 3478 1086 3574 βαθυρρείταο
1104 3477 1214 3568 μέγα
1241 3479 1341 3547 υθέ-

323 3751 348 3810 *l
372 3747 465 3816 llagni
500 3748 672 3806 aestimamus
707 3754 856 3810 Voelclreri
893 3767 1024 3824 operam3
1064 3751 1088 3806 si
1120 3761 1210 3805 tamen
1246 3767 1341 3804 verum

274 3832 418 3894 dicendum
437 3844 497 3895 est,
516 3836 591 3902 quod
609 3837 643 3890 de
662 3839 796 3893 hocloco
819 3841 998 3907 excogitauit,
1024 3821 1077 3892 lroc
1105 3837 1218 3890 nimium
1236 3835 1342 3890 ridicu-

248 3910 252 3922 '
275 3919 327 3969 lum
348 3931 396 3972 est.
416 3919 450 3972 cl.
470 3919 579 3976 Nitzch.
599 3924 651 3976 od.
670 3919 752 3994 ll.'p.
772 3929 814 3982 94.
851 3927 970 3978 Aenenm
987 3936 1014 3978 et
1034 3919 1271 3999 ferreumcoelunn
1287 3938 1341 3973 non

276 4005 389 4068 proprie
407 4002 463 4079 dici
481 4007 568 4073 (Μ)
586 4007 749 4063 assentimur
766 4008 802 4064 el.
820 4031 826 4038 ·
912 4079 917 4090 .
1018 4043 1021 4050 ·
