2858 4754
210 373 255 440 4⁰

211 541 367 608 attribuit
389 540 582 636 polycrati,
606 543 750 610 debehat
771 541 985 620 Aeschrioni.
1021 540 1095 621 Qui
1114 540 1302 630 negligen-x

76 713 78 718 ,
210 645 280 711 tius
301 637 509 710 Athenaeum
532 647 717 729 inspiceret
737 645 834 726 (hinc
855 649 943 714 enim
965 645 1080 712 hausit
1101 647 1219 728 pato.
1242 650 1289 724 c.)

210 745 276 828 hoc
298 753 430 832 poterat
451 747 554 812 facile
577 749 660 834 pati.
705 749 791 812 Item
814 770 847 833 p.
875 751 973 829 1376,
1003 751 1046 816 24
1067 747 1289 816 Pisistratum

209 869 274 934 pro
297 851 437 914 Cimone
460 854 628 932 nominat,
657 870 734 932 cum
766 853 846 916 item
870 873 913 918 ex
936 849 1111 916 Athenaeo
1133 849 1290 914 hauriret
1354 855 1361 864 “
1425 935 1426 940 ¹

209 973 243 1037 p'·
266 955 341 1020 53³.
363 954 395 1016 b.
440 953 606 1019 Haeserat
628 955 718 1018 enirn
740 955 775 1017 iu
795 955 971 1050 Pisistrati
991 954 1146 1033 nornine,
1175 952 1290 1018 Cimo·

127 1124 133 1130 ,
210 1055 277 1136 nis,
299 1054 483 1138 quodmox
496 1056 725 1141 interiicituu,
748 1039 955 1142 neglexerat.
999 1055 1212 1150 Quamquam
1231 1053 1290 1118 uhi
1342 1139 1344 1144 Ι

211 1157 418 1222 Athenaeum
448 1160 533 1224 male
564 1159 737 1224 intellexit
764 1159 948 1224 sortasse
939 1178 1007 1248 ram
1033 1158 1201 1241 epitome,·
1222 1175 1291 1240 qua

210 1278 294 1324 usus
313 1265 377 1345 est,
400 1260 567 1343 culpanda
588 1263 634 1335 (ιι
658 1261 762 1326 Dind.
787 1261 831 1327 ad
853 1264 962 1348 locum
984 1260 1182 1381 prioremp
1195 1259 1285 1337 335).

212 1360 282 1426 Sed
303 1360 383 1426 vide
405 1362 490 1426 uliae
518 1364 566 1438 A,
588 1355 694 1428 ‘298'
674 1385 725 1428 οτι
748 1361 832 1430 κατὰ
854 1385 933 1439 τοιις
954 1353 1162 1484 ιτσλαιοὺς“
1143 1383 1164 1448 η
1186 1361 1290 1425 Μασ-

211 1460 390 1549 aninumr}
419 1460 475 1530 καὶ
496 1459 663 1549 Strenuum}
685 1458 815 1544 ἔνδοσις
842 1467 901 1552 τῆς
919 1457 1117 1542 Ιλιάάος
1082 1485 1121 1528 το
1139 1455 1292 1554 paxper-

206 1587 275 1648 ιισιι
296 1562 352 1630 διὰ
374 1566 433 1630 τοῦ
456 1588 486 1652 η.
531 1566 577 1630 At
598 1566 729 1634 scholia
748 1561 835 1648 (,‚oi
854 1559 1043 1646 ’παλαιοί“)
1073 1569 1211 1651 praeter
1229 1563 1293 1632 has

213 1665 297 1732 duos
309 1666 476 1747 editiones
487 1669 602 1752 plures
622 1671 810 1752 nominant3
829 1670 889 1734 ille
901 1670 1001 1736 oculo
1018 1668 1189 1754 stringens
1207 1686 1296 1752 quae

212 1770 338 1854 optime
354 1765 534 1853 'placerent
555 1771 652 1854 qnasi
672 1776 766 1837 sorte
788 1771 900 1840 duxlt.
935 1773 983 1848 H,
1005 1772 1070 1838 4⁷5
1090 1771 1137 1893 (p.
1148 1770 1222 1851 6923
1235 1769 1297 1847 λθ)

210 1893 233 1935 ι
255 1869 292 1937 δὲ
313 1871 378 1936 τῶν
399 1865 619 1960 ἀνδραπόδων
640 1870 729 1952 λέξις
749 1867 922 1997 νιιστεριιιὴ
945 1871 1016 1940 ἐστι
1037 1867 1293 1948 κατὰτολςπσ
1373 1913 1378 1923 1
1426 1949 1427 1960 ¹

215 1966 348 2050 λαιούς·
382 1969 436 2038 ιλιό
460 1997 516 2040 και
508 1967 777 2097 Ἀριστοφάνης
797 2000 853 2042 και
844 1969 1103 2065 Ζηνόδοτος
1082 1967 1227 2041 istrum
1257 1967 1293 2038 τλ

213 2069 296 2152 ἔντος
315 2067 350 2140 ἐν
335 2062 393 2182 ᾧ
409 2076 545 2160 aelecti]
532 2066 756 2164 λέξιςαάτρ
778 2078 824 2143 Η.
834 2079 856 2145 λ.
869 2080 945 2144 οοιλ.
960 2076 1099 2144 exhibet
1110 2097 1199 2141 nuuc
1208 2070 1295 2140 haee
1363 2081 1389 2137 .'

212 2155 433 2242 Aristonicir
452 2168 642 2254 doersum,
671 2172 725 2244 ὅτι
751 2179 925 2270 νιιστιριιιὴ
958 2171 1123 2263 deonorum
1153 2177 1214 2244 τοῦ
1236 2168 1295 2242 άν-
1330 2233 1333 2240 .

100 2303 102 2308 ⁴
215 2270 404 2366 δράποιλον·
448 2271 527 2346 ouda
557 2276 621 2368 γάρ
653 2277 748 2366 παρὰ
785 2285 855 2362 τοῖς
882 2273 1137 2370 λπιβιβλρκάσιν
1162 2271 1297 2366 Ὁμήρῳ

215 2381 348 2472 νοεῖται,
394 2377 494 2446 tonet
513 2378 550 2450 δὲ
570 2377 628 2448 κοιλ
648 2378 687 2450 τὸ
710 2375 794 2450 άλλο
816 2378 1009 2466 πλεονάζον.
1053 2383 1125 2449 Hic
1146 2381 1296 2469 concedo

213 2501 304 2546 nuuc
326 2480 523 2566 excidisse,
551 2505 638 2569 quae
667 2487 882 2552 Eustuthinm
908 2486 1020 2552 adhuc
1047 2487 1170 2571 legisse
1198 2485 1298 2572 puta-

215 2603 299 2656 mus,
328 2575 481 2669 ἠθετεῖτο
503 2582 560 2678 καὶ
580 2584 675 2675 παρὰ
697 2583 874 2677 Ζηνοδότῳ
896 2586 952 2656 καὶ
968 2581 1208 2676 Ἀριστοφάνει,
1250 2586 1300 2654 At

213 2683 449 2782 Aristarchum
476 2708 610 2778 quoque
636 2685 771 2781 uersum
793 2693 970 2774 reiecisse,
1007 2687 1085 2769 noc}
1106 2707 1150 2755 ex
1170 2687 1232 2751 illo
1255 2680 1298 2754 ἆ·

151 2835 153 2838 -
214 2793 371 2876 θετιῖται
393 2791 541 2858 nescivit
562 2785 745 2859 extricare.
791 2795 848 2861 'Ad
876 2794 913 2871 0,
935 2796 978 2860 ed
999 2789 1199 2858 Eustathius
1221 2790 1294 2857 sic:

214 2888 253 2976 τὸ
281 2889 318 2960 da
344 2892 571 2980 carpophorus,
594 2887 719 2982 doep‘
700 2919 721 2982 η
742 2877 1015 2980 Μἰισσαλωτιιιῆ,
1046 2889 1149 3000 φασί,
1180 2889 1293 2980 γραφὴ

215 2965 478 3088 ιιτιινομένοις”
455 3019 533 3078 exer.
587 2998 633 3064 At
653 2999 803 3066 scholica
835 2992 871 3064 ἐν
899 2997 942 3084 τῆ
959 2979 1225 3086 Ἀρισέοφάνοιις
1244 3017 1302 3081 νισι

214 3095 491 3186 Μασσολιωτικῆ
485 3079 785 3189 ’κάλἈρφολικῇ“
745 3123 850 3178 ουτως
862 3096 1000 3188 ἐφέρετο
1012 3095 1241 3182 κτιινομένοις.
1256 3131 1299 3148 -·
1427 3175 1428 3182 p

81 3221 83 3226 ’
152 3245 155 3252 »
215 3197 254 3262 Ρ.
274 3199 339 3264 276
362 3199 465 3264 dicit
472 3204 590 3290 Βῆσσα
618 3203 661 3274 ab
681 3203 881 3280 Herodiano
909 3220 971 3309 per
999 3199 1127 3286 duplex
1148 3221 1191 3268 σσ
1209 3201 1294 3268 scri-

216 3281 310 3386 ptum
339 3320 430 3366 esse.
461 3308 495 3367 at
522 3323 567 3378 ex
589 3301 705 3391 Steph.
728 3299 818 3396 Byz
842 3309 984 3392 apparet
1006 3326 1127 3372 nomen
1148 3303 1304 3390 appellen,
1403 3355 1408 3364 .

215 3403 325 3496 tivum
343 3407 469 3494 tantum
486 3405 529 3470 ah
547 3406 785 3474 Herodiano·
759 3426 810 3472 src
830 3409 993 3492 scriptum
1009 3427 1097 3490 esse,
1115 3427 1183 3472 non
1199 3395 1305 3472 nrbis'

217 3523 349 3570 nomen.
394 3503 423 3579 λ,
447 3510 487 3575 ld
509 3511 558 3576 ita
578 3511 728 3596 loquitur
755 3509 868 3594 (quod
889 3509 982 3601 idem
1002 3510 1089 3574 facit
1109 3506 1300 3576 scholiasta

216 3604 250 3670 λι.
263 3606 302 3684 λ.)
324 3608 421 3690 quasi
442 3609 558 3692 plures
579 3633 642 3696 pro
663 3613 858 3696 Κιμμερίων
877 3593 1077 3697 scripserint
1097 3601 1300 3699 Χειμερίισι.
1386 3667 1391 3674 .

218 3709 266 3772 At
288 3709 394 3772 solum
416 3711 578 3804 Proteum
603 3713 853 3797 Zeugmatitem
876 3711 1001 3778 fecisse
1021 3719 1164 3802 apparet
1179 3732 1224 3778 ex
1240 3711 1297 3776 Et.
1340 3723 1344 3732 '

215 3808 266 3874 M.
288 3811 379 3894 (513,
401 3813 468 3906 All).
512 3805 666 3903 Strictim
700 3815 809 3880 oculis
838 3815 1056 3908 percurrisse
1079 3817 1198 3904 copias
1218 3833 1301 3882 suas
1427 3873 1428 3902 ,

216 3911 469 3995 Eustathinnr,
490 3915 556 3984 hoc
588 3919 688 3984 etiam
722 3917 879 4001 proditur
911 3916 1054 3999 illustri
1083 3919 1301 3988 documento.
1356 3943 1361 3953 ι

215 4011 307 4086 Usus
329 4015 609 4112 est-scholiorum
624 4019 791 4088 volnmme
808 4039 937 4104 eorum,
959 4033 1046 4110 quea
1071 4017 1302 4102 hodemdex
