2876 4746
1149 329 1192 392 59

119 498 312 583 poeninae,
341 488 464 561 horum
492 491 584 566 nillil
607 492 718 577 aptari
739 496 861 577 potest.
914 492 990 572 Quo
1013 492 1117 580 igitur
1138 494 1193 559 his

118 601 316 683 ambagibus
338 596 573 683 pervenimus?
602 597 657 660 Ad
678 597 764 661 illud
785 596 953 662 videlicet·
968 597 1193 678 Socraticum,
1291 667 1296 676 ,
1349 651 1354 666 .

119 713 159 768 ut
180 707 313 769 nescire
335 701 571 782 intelligamus
627 699 730 777 Quod
751 699 883 772 sciendi
905 701 1110 785 principium
1132 706 1194 765 est.

118 807 285 889 Vulgaris
313 795 472 869 vocabuli
500 803 594 867 notio
622 802 653 868 si
680 807 718 866 ut
746 802 888 886 reliquis
919 804 1029 887 poetis
1063 823 1196 868 accom-

116 910 254 973 modari
280 911 391 992 potest
411 905 587 986 facillime,
609 906 661 970 sic
680 904 830 970 Homero
851 907 1062 991 neutiquam,
1085 906 1196 970 oritur

117 1012 287 1094 suspicio,
317 1010 384 1076 hoc'
412 1011 526 1076 exiis
549 1029 623 1074 esse
643 1009 839 1088 uocabulis,
870 1029 1056 1092 quaecum
1079 1010 1196 1094 specie

121 1115 313 1178 communia
347 1113 533 1178 uideantur
563 1112 600 1176 vi
634 1117 669 1176 et
701 1111 834 1196 origine
865 1109 1010 1185 Homeri
1042 1113 1195 1198 propria,
1222 1148 1227 1158 ‹

116 1238 180 1280 usu
214 1207 398 1300 antiquata
419 1213 589 1284 censenda
621 1216 700 1279 sint.
750 1216 793 1278 In
812 1201 875 1278 'his
906 1235 972 1282 una
998 1217 1074 1281 ueri
1101 1218 1196 1278 inve-

118 1319 237 1383 niendi
274 1321 332 1384 via
365 1324 437 1400 est,
470 1317 515 1382 ut
539 1317 706 1403 quidquid
738 1320 991 1408 praeiudicatae
1025 1318 1195 1402 opinionis
1292 1344 1296 1350 ·

115 1423 313 1504 imbibimus
332 1425 481 1507 seposito
504 1443 604 1484 unum
633 1421 809 1504 solumque
832 1421 1019 1488 Homerum
1041 1420 1195 1490 attenda-

118 1544 203 1588 mus.
256 1523 357 1601 Quod
385 1527 421 1590 in
448 1525 643 1590 Homericis
670 1529 810 1619 propter
842 1526 961 1587 miram
992 1523 1195 1608 simplicita-

118 1632 205 1708 tem,
229 1647 294 1710 qua
315 1627 402 1690 nihil
424 1625 576 1688 admittit
598 1627 757 1709 quaesiti,
780 1627 938 1709 proxima
959 1646 1116 1710 quaeque¹
1135 1624 1194 1687 ed-

117 1730 240 1796 sciscit
269 1733 303 1792 et
331 1730 402 1794 suis
430 1728 516 1790 locis
544 1729 689 1791 maxime
712 1721 965 1808 convenientia,
999 1727 1091 1805 cedit
1111 1747 1194 1788 non·
1291 1731 1295 1748 '

118 1835 288 1916 nunquam
326 1849 489 1914 prospere
529 1835 564 1892 et
580 1851 582 1856 ’
598 1829 702 1892 cessit
740 1819 841 1893 haud
865 1823 953 1894 raro
980 1821 1192 1917 Aristarcho,

118 1955 216 2020 quem
247 1953 320 1998 eam
351 1934 393 1996 ob
422 1951 555 1996 causam
586 1935 650 2010 (est
677 1930 763 1996 haec
786 1931 951 2016 quaedam
973 1932 1153 2008 divinatio>
1174 1951 1195 1994 a

119 2035 308 2100 Posidonio
323 2032 519 2098 honorifice
542 2033 667 2098 Vatem
690 2033 892 2118 appellatum
915 2056 988 2101 esse
1010 2036 1141 2119 opinor.
1208 2101 1213 2116 ,

170 2137 346 2201 .Ci'c0num
366 2139 453 2214 urbe¹
473 2137 605 2236 direpta
626 2138 817 2222 praedaque
837 2140 926 2203 inter·
943 2139 1055 2204 socios
1067 2138 1195 2220 partita

119 2239 302 2304 uindictam
324 2241 446 2303 timens
468 2240 587 2304 Ulixes
609 2241 699 2304 iubet
731 2241 864 2304 sodales
887 2241 986 2328 διερῷ
1007 2237 1090 2304 modi
1111 2262 1193 2326 qro-

119 2339 216 2426 γέμεν
245 2343 288 2424 (β,
311 2345 390 2420 la),
421 2343 512 2426 quod
540 2362 656 2406 omnes
676 2343 763 2406 mihi
783 2345 970 2408 assentient
990 2342 1077 2406 nihil
1100 2342 1193 2406 aliud

118 2465 191 2508 esse
212 2458 434 2529 possequam
456 2445 602 2528 „fugaci
617 2445 723 2530 pedef‘
745 2466 782 2512 se
803 2447 990 2529 proripere,
1013 2451 1191 2529 antequam

116 2545 230 2610 hostes
258 2548 367 2632 copiis
396 2547 549 2611 collectis
573 2545 752 2612 accedant.
797 2549 867 2612 lam
889 2549 1090 2612 vocobulum
1113 2568 1194 2610 con-

116 2649 323 2734 templemur.
388 2637 611 2732 Agnoscimus
630 2649 809 2714 unum'ex
841 2651 911 2713 illis
939 2649 1123 2714 adiectivis
1155 2648 1192 2710 in

117 2744 205 2842 ερός,
228 2753 342 2836 qualia
368 2758 446 2816 sunt
474 2744 627 2839 κρυερὸς,
657 2744 829 2840 στυγερός,
864 2743 1011 2838 σκιερόςτ
1043 2757 1078 2814 et
1099 2750 1193 2828 sorte

119 2853 256 2916 fortuna
288 2856 397 2936 ipsa„
416 2874 514 2938 qnam
547 2848 762 2937 quaerimus,
797 2855 897 2918 radix
929 2860 996 2915 tam
1024 2860 1077 2917 est
1098 2860 1191 2934 nota,

116 2961 186 3019 tam
219 2953 368 3018 Homero
400 2955 636 3041 frequentata,
669 2963 707 3019 ut
736 2959 776 3020 ab
800 2956 871 3019 ‘hac
892 2962 987 3038 parte
1009 2957 1077 3021 iam
1098 2957 1191 3020 nullo

120 3055 222 3120 modo
257 3055 451 3122 laboremus.
506 3049 643 3122 Etenim
676 3058 760 3133 uass,
785 3055 918 3123 δίεσθαι
960 3061 1035 3143 quis
1062 3059 1193 3126 nescit?

118 3159 215 3234 Quae
248 3160 278 3222 si
310 3158 725 3244 significant„fugere,“
758 3155 874 3249 διερόςΙ
899 3167 951 3226 est
982 3163 1104 3246 sugax3
1139 3165 1193 3226 siu

117 3257 312 3344 significant
344 3261 525 3345 „sugore,“
559 3264 649 3347 quod
680 3261 762 3328 item
794 3265 1000 3350 significant,
1022 3269 1049 3348 *)
1083 3260 1193 3352 διερός

120 3370 172 3427 est
201 3362 401 3448 „iugat0r.“
445 3365 654 3452 Quamquam
684 3369 817 3432 etiamsi
845 3368 968 3453 duplex
990 3369 1076 3432 haec
1097 3370 1192 3430 notio

118 3468 231 3532 verbis
263 3487 348 3532 non
362 3465 511 3549 inesset,
545 3472 581 3532 in
603 3470 772 3535 adiectivo
795 3471 958 3554 duplicia,
982 3491 1082 3554 quam
1106 3471 1192 3533 acti-

118 3583 192 3631 vam
226 3578 260 3634 et
292 3572 461 3655 passivam
496 3572 609 3637 dicere
642 3575 805 3653 solemus,
828 3571 1089 3656 significationis
1112 3595 1193 3634 con-

118 3679 234 3735 cursus
267 3694 363 3756 quem
397 3659 616 3768 mediocriter
649 3675 784 3738 doctum
820 3675 1029 3741 offenderet?
1059 3675 1190 3738 Horum

117 3775 246 3838 tantum
277 3773 482 3866 admonebo,
517 3783 710 3860 quaesunt
732 3797 776 3842 ex
799 3775 917 3841 eodem
938 3777 1089 3858 scrinio,
1113 3798 1189 3840 oro-

167 4009 191 4074 *l
212 3983 250 4076 X,
269 4015 330 4070 iol.
350 4009 483 4068 meliores
501 4011 562 4069 edd.
581 4011 638 4074 dier
654 4012 823 4074 exhibebunt
841 4027 893 4086 pro
911 4013 980 4078 dtur·
1077 4035 1086 4084 .'
1137 4081 1140 4089 ,
