2858 4754
1112 259 1212 410 ,ι’
1343 257 1345 266 ’

135 499 317 591 (arripuere
355 505 433 578 (oti
454 503 557 570 Euat..
577 500 622 566 ad
642 489 690 566 ll..
706 499 747 572 a:
771 521 799 586 ιι
833 501 895 566 tro
917 500 959 566 ds
974 519 1020 566 ιι
1043 521 1080 574 ,ιι
1101 511 1213 586 cxpp-

133 611 239 688 suilla
271 605 361 676 Τιιιιι
382 605 539 689 sequitur
560 623 678 670 versus
699 623 766 672 non
787 593 935 676 suoloco
952 604 1099 687 ιιοιιιιιει
1118 603 1215 716 (νῆα)

132 709 246 777 κέλσειν
274 703 468 786 ἔπιστείχιιν
496 697 610 792 ὀλιγην
637 707 754 793 νησῖδα
782 703 969 792 Καλυψοῦς
996 707 1049 772 vel
1071 687 1215 779 similis.

131 813 218 880 Non.-
214 817 376 896 poteram
386 809 674 894 haecprneterire,
688 808 908 893 quamquam
900 828 973 891 ipse
986 813 1161 890 sputemno
1170 811 1209 874 ut

99 966 104 990 ,
132 916 272 980 nimium
295 915 433 978 incerta.
488 907 556 978 Sed
578 931 635 978 res
655 920 776 976 nostra
797 929 863 975 non
886 911 1026 976 multum
1048 910 1130 986 hinc
1151 928 1207 978 ca·

134 1019 186 1102 pit
215 1017 427 1080 detrimenti..
472 1014 560 1078 Nam
582 1019 803 1097 utnusquam
828 1014 1017 1078 Aristonici
1039 1033 1208 1088 commen-

132 1121 215 1184 tarii
238 1119 412 1184 Homerici
434 1099 509 1201 ipso
532 1117 664 1182 adiecto
693 1117 795 1180 titulo
817 1123 1132 1198 commemorentur,
1156 1124 1207 1182 ta·

135 1244 209 1296 men
231 1220 340 1286 luisse
362 1220 431 1282 loci
453 1219 554 1283 modo
576 1220 681 1304 positi
700 1219 890 1284 certissime
903 1225 1081 1286 testantur.
1104 1218 1207 1298 Quotl

107 1315 175 1390 ‘ex
206 1323 310 1390 multo
341 1324 576 1406 paucioribus,
619 1341 710 1406 quae
738 1328 809 1386 tum
838 1325 1073 1402 innotuerant,
1103 1342 1208 1408 sagax

132 1427 306 1510 perspexit
334 1421 560 1490 Valckenarii
589 1424 777 1507 ingenium,
805 1424 827 1490 l.
858 1426 880 1490 l.
934 1423 1093 1510 Reliqui,
1123 1413 1227 1512 quasa¹
1341 1445 1345 1458 ·

128 1531 323 1610 posuimus,
353 1528 422 1592 loci
448 1547 535 1612 quos
563 1529 608 1594 ad
635 1525 779 1594 Homeri
808 1528 904 1592 locos
933 1529 1127 1611 pertineant¹
1144 1548 1208 1612 per

129 1651 167 1696 sa
193 1630 422 1714 patat;.quod
451 1631 494 1696 de
520 1631 691 1694 veteribus
719 1630 820 1714 Epiri
842 1630 1102 1714 cognominibus
1117 1633 1211 1714 regi--

131 1733 260 1817 busque
281 1733 484 1802 disseruisse
509 1731 675 1810 videmus,
705 1731 758 1794 vel
781 1730 824 1794 ad
848 1732 1039 1823 catalogum
1058 1732 1206 1798 Navium

130 1837 207 1915 635,
236 1834 292 1898 uel
322 1834 365 1898 ad
394 1853 508 1918 regem
537 1830 703 1900 Echetum
732 1834 776 1909 (o,
806 1832 862 1912 84)
884 1834 1089 1915 pertinuisse
1111 1841 1225 1920 pute·

132 1924 277 2000 bimus.'
308 1934 488 2001 Caeterum
509 1934 573 2000 hos
596 1935 853 2000 commentarios
876 1955 921 2000 ex
943 1934 1045 2006 docto
1066 1937 1128 2000 illo
1149 1959 1207 2024 ge-

131 2059 213 2104 nere
234 2037 361 2120 ssisse,
383 2039 475 2122 quod
495 2037 652 2122 plerique
674 2039 783 2104 secuti
805 2042 894 2117 suut,
928 2039 1045 2121 copias
1066 2059 1207 2126 geogra-

130 2139 249 2226 phicas
277 2147 312 2206 et
343 2140 611 2226 mythologicas'
630 2142 672 2206 ab
702 2141 858 2210 Homero
885 2142 1064 2206 occasione
1096 2149 1207 2220 sumta

124 2263 353 2326 coacervans,
382 2263 445 2310 nec
467 2243 533 2308 hoc
555 2229 743 2310 obscurum.
788 2244 844 2324 De
865 2245 1014 2310 eiusdem
1037 2265 1208 2328 gramma-r
1285 2307 1287 2318 Α

127 2348 191 2412 tici
221 2346 473 2412 commentariis
502 2344 706 2412 Pindaricis
729 2351 863 2418 constat
890 2365 933 2412 ex
963 2345 1069 2414 schol.
1100 2347 1203 2424 Pind.

127 2448 187 2518 .Ol.
217 2449 248 2530 1,
277 2451 330 2516 33.
360 2448 436 2528 ΠΙ,
462 2451 516 2516 31.
547 2449 634 2551 Vll,¹
664 2453 741 2517 153..
787 2449 828 2516 ln
853 2449 1040 2522 Hesiodeis
1061 2471 1206 2518 comme·
1264 2471 1268 2479 ·

125 2556 281 2617 moratur
307 2550 352 2617 ad
390 2551 524 2635 Theog.
557 2543 923 2633 lustraremus
953 2546 1037 2632 πάϊς
1057 2545 1205 2642 ὠρέξατο
1244 2609 1248 2617 .

127 2647 255 2742 χειιὺ’
250 2647 505 2824 Arrrocrlmuocffi3
489 2653 620 2734 λιχεοῖο
642 2648 744 2742 φησιν
764 2647 811 2733 ὡς
831 2658 982 2744 stupacio
1005 2649 1180 2736 λοχεός
1143 2678 1206 2742 γαρ
1308 2651 1312 2656 ’

124 2754 227 2844 λέγει.
277 2751 505 2840 βεβίαςαιὸἒ
535 2753 575 2822 τὸ
608 2754 738 2838 λοχιιοῐο
772 2753 868 2850 παρὰ
899 2754 938 2822 τὸ
973 2754 1062 2834 ἔθος.
1112 2757 1206 2822 Hinc

40 2864 66 2922 ’.
126 2859 391 2928 commentarios
429 2861 466 2926 in
504 2857 694 2926 Hesiodum
731 2861 912 2944 scripsisse
947 2858 1105 2924 concludi
1136 2879 1203 2938 non

125 2966 259 3045 p‹,rtest
288 2961 326 3026 id
353 2962 446 3048 quod
474 2960 727 3028 Valckenarius
755 2963 889 3045 putavit
917 2961 961 3025 ad
989 2963 1205 3028 Αιιιιιιοιιιιιιιι

125 3066 152 3126 l
181 3063 205 3125 l.
257 3064 405 3130 Possunt
433 3067 522 3131 enim
549 3063 636 3130 haec
659 3083 702 3128 ex
723 3064 838 3146 aliquo
858 3065 948 3130 libro
968 3068 1202 3165 grammatico,
1307 3135 1311 3142 ,

125 3163 323 3230 Herodiani
350 3167 489 3286 opinor,
522 3167 729 3251 transcripta
750 3185 839 3234 essee
868 3167 1108 3234 Aristonicum.
1118 3187 1206 3240 uero

123 3270 178 3334 dc
199 3268 310 3332 forma
335 3264 451 3349 λοκεός
475 3271 679 3335 sententiam
706 3289 801 3338 suam
830 3269 875 3338 ad
896 3269 1115 3377 Homericum
1136 3272 1205 3336 du

128 3363 207 3458 ριὸς
227 3370 426 3474 exposuisse
447 3369 532 3454 fingi
553 3375 676 3474 potest
782 3469 785 3474 Ι
1214 3366 1216 3370 ’

190 3575 219 3659 p.
242 3567 274 3642 Β.
319 3575 382 3642 Ab*
401 3578 650 3644 commentariis
679 3578 875 3642 Homericis
895 3579 993 3642 varia
1014 3582 1049 3644 et
1070 3578 1200 3646 extrin-

123 3699 227 3746 secus
253 3679 388 3745 adscita
416 3680 571 3746 doctrina
592 3681 785 3761 instructis,
808 3682 844 3744 ιιι
876 3681 1005 3766 quibus.
1027 3681 1129 3744 etiam
1159 3679 1203 3746 ab

127 3767 327 3850 Aristarcho
360 3783 561 3850 dissensisse
588 3784 771 3864 invenitur,
794 3783 876 3848 libri
896 3782 1045 3848 deuotis
1057 3786 1131 3846 toto
1144 3799 1201 3848 co·
1258 3867 1260 3872 Ι

125 3885 202 3948 lore
223 3890 260 3948 et
279 3886 425 3952 consilio
447 3883 577 3952 diversi
599 3883 706 3950 suere.
747 3886 789 3952 In
811 3882 867 3950 his
888 3884 979 3950 enim
1000 3903 1093 3950 suam
1113 3903 1201 3992 qua-

126 3973 160 4090 ιι
181 3989 277 4058 exuit
295 3976 519 4074 personam,
513 3987 559 4056 ,ιιι
579 4007 683 4058 unum
695 3993 883 4073 totumque
904 3975 1021 4072 egena
1056 3993 1096 4054 ut
1117 4005 1204 4071 quet
1227 4003 1228 4008 ’
1249 3977 1250 3980 “
