2806 4756
1026 447 1027 454 Ν
1088 317 1154 426 arr

80 529 167 598 κατὰ
187 527 249 620 γὰρ
269 491 328 618 τὴν
348 495 588 618 προειρημένην
609 521 760 607 σύνταξιν
783 522 982 605 ¹(secuudum
1005 499 1046 592 ea
1067 545 1166 613 quac,

83 634 128 700 de
156 641 327 700 structura
353 633 488 697 articuli
518 631 694 714 diximus)
706 625 765 697 ἐπὶ
784 625 904 696 τούτου
924 624 1025 695 πάλιν
1045 625 1155 696 λείπει

81 733 120 801 τὸ
144 725 283 858 αρθρρν.
326 733 382 801 καί
405 725 444 820 ἦν
464 729 646 822 ἐγκείμενος
668 727 686 801 ὃ
709 729 767 800 δαί
787 727 966 815 σύνδεσμος
982 727 1156 854 λείποντος

87 832 215 904 ἑνικοῦ
229 829 359 944 ι’ίρθρον
391 835 474 922 λέγω
506 840 565 903 τοῦ
593 833 625 924 ἡ.
680 836 737 902 καί
769 833 875 938 σαφὲς
906 829 960 900 ὅτι
987 830 1070 898 κατὰ
1082 827 1157 936 τὴν

80 919 234 1046 τοιαύτρν
265 919 414 1000 σύνταξιν
446 916 599 1043 πρύδρλα
629 920 672 987 τύ
703 924 763 988 τοῦ
802 918 902 1016 λόγον
933 909 1155 1008 καθειστήκει,

85 1020 210 1110 λύγοικ
192 1049 213 1112 η
235 1025 346 1117 λεῖψις
365 1024 426 1108 μὲν
446 1027 505 1090 τοῦ
509 1018 668 1113 ἄρθρου,
691 1018 882 1148 παράθεσις
903 1015 979 1090 di‘
960 1046 980 1108 η
1002 1021 1062 1086 τοῦ
1083 1025 1157 1086 σον·

83 1125 216 1210 δέσμου.
259 1125 316 1192 καί
337 1123 448 1250 οὕτως
462 1120 692 1250 ἀκριβέστερον
711 1124 750 1192 τὸ
775 1117 950 1214 Ὁμηρικὸν
970 1115 1091 1200 ε’θος’
1071 1145 1157 1188 απε-·

84 1230 242 1296 δείκνυτο.
294 1227 366 1294 καί
397 1226 470 1315 γὰρ
502 1222 559 1294 ἐπ’
590 1220 723 1292 ἷίλλιον
754 1225 799 1292 τὸ
832 1225 877 1294 δέ
883 1228 986 1306 ονζί.
1015 1249 1044 1291 e.
1067 1225 1158 1309 quod

84 1329 318 1415 philosophica
350 1335 438 1396 ratio
464 1321 679 1420 requirit)
657 1353 706 1416 ην
734 1326 1058 1422 παραδέξασθαι
1085 1322 1157 1391 καί

87 1430 133 1497 τὸ
167 1428 348 1519 σύνηθες
378 1426 669 1555 πρρύκρίνετο.
704 1429 744 1496 ού
773 1431 810 1497 δε
837 1432 968 1496 θᾶσσον
994 1424 1158 1516 Ἀθηναίη

85 1529 257 1610 ἔπίτειλαι,
279 1533 360 1620 λέγω
376 1531 460 1600 κατὰ
476 1529 713 1658 ρτροςτακτικὴν
729 1531 924 1620 προςφορολν
939 1524 1159 1620 προπαροξύ-

88 1657 152 1700 νων
184 1635 325 1725 (εινῖ),
358 1629 428 1702 ἀλλ’
475 1626 514 1721 ἦν
552 1626 638 1698 ι’ίλλα
678 1631 751 1698 τινὰ
780 1627 1028 1699 dedoonovro³
1009 1653 1160 1721 απαρεμ-

88 1730 203 1822 φύντος
224 1729 422 1822 ἀναγνῶναι,
421 1729 566 1812 εύθίως
586 1731 623 1800 ἐκ
643 1737 711 1800 τοῦ
712 1732 969 1823 παρακειμένου

144 1832 386 1932 πειρρῖνύΗ
366 1834 411 1914 νίς
431 1861 485 1904 κεν
510 1839 680 1926 Τρῶες-

88 1936 145 2004 καί
172 1937 208 2006 ίκ
228 1941 289 2004 τού.
320 1936 361 2004 τὰ
393 1932 468 2004 d'''
444 1963 568 2005 οποινα
596 1937 754 2021 δέχεσθαι
781 1962 837 2003 και
827 1932 1019 2004 πλείστων
1040 1927 1158 2002 ύίλλεον.

43 2051 51 2066 “
90 2037 138 2105 Σύ
161 2039 198 2107 δὲ
218 2042 348 2107 θᾶσσον
363 2034 524 2166 Ἅθρναίῃ
545 2037 710 2108 ἐπιτεῖλαι
738 2049 788 2106 est
808 2043 849 2116 A,
872 2043 925 2122 dd,
947 2042 1005 2105 ubi
1026 2043 1162 2105 Aristo-

91 2144 205 2208 nicus:
221 2136 256 2228 ’ἦ
286 2139 437 2228 ύιπλῆ“
417 2167 470 2227 οτι
491 2141 528 2208 τὸ
550 2138 755 2210 ἐπιτεῖλαι’
736 2141 807 2209 αντί
827 2143 1067 2231 προςτακτικού
1091 2144 1160 2208 nei-1

89 2241 145 2308 ται
153 2249 196 2325 *).
238 2241 331 2327 Ergo
353 2246 388 2309 id
411 2247 625 2330 praeoptavit
646 2244 735 2331 quod
754 2255 897 2310 nontam
910 2246 1048 2330 vulgare
1061 2263 1162 2333 quam

88 2342 265 2429 Homerici
286 2349 451 2413 sermonis
472 2350 645 2447 proprium
667 2347 850 2413 videretur.
901 2348 967 2414 Sed
989 2346 1054 2412 hac
1076 2369 1161 2432 quo-

89 2441 156 2532 qire
189 2451 225 2512 iu
247 2469 285 2513 re
307 2451 443 2514 minime
467 2441 690 2540 pertinaciter
712 2453 831 2533 egisse,
853 2451 1083 2515 testimonium
1105 2453 1160 2515 est

92 2552 133 2615 de
155 2547 241 2616 his
231 2553 327 2675 ipsis
338 2553 558 2672 imperativis
601 2553 640 2633 Σ,
662 2551 724 2620 tto
746 2537 913 2634 legimus!

137 2647 265 2740 ὑμεῖς
285 2651 345 2736 μὲν
366 2655 421 2719 νῦν
444 2654 519 2718 δῦτε
539 2645 768 2739 θαλύσσης’
734 2651 832 2741 εορὲα
853 2647 980 2718 κόλπον

177 2748 346 2840 ὀψόμεναί
366 2779 401 2820 τε
423 2748 553 2841 γέρονθ’
567 2750 671 2820 αλιον
691 2753 748 2821 καί
770 2750 905 2838 δώματα
925 2747 1063 2844 πατρός,

174 2851 232 2919 καί
252 2851 285 2920 oi
305 2850 399 2921 πάντ’
423 2849 671 2942 ἀγορεύσατ’
637 2892 679 2904 -
705 2873 708 2878 ’

90 2945 278 3044 Didymus.
302 2954 396 3045 παρὰ
417 2951 635 3044 Ζηνοδύτοι’
615 2960 801 3048 αγορεύσαι.
844 2955 900 3026 καί
920 2951 1102 3046 ύποφαίνει
1121 2955 1160 3026 τὸ

85 3052 263 3148 Ὁμηρικὸν
284 3051 398 3152 i'r‘log.x
413 3057 507 3146 *Hinc
527 3060 632 3143 igitur
661 3058 711 3127 de
724 3061 924 3128 Aristarcho
945 3059 1162 3127 iudicandum
1270 3071 1274 3080 ⁴

92 3167 154 3227 est.
206 3161 271 3225 Ille
298 3163 537 3227 observaverat
567 3163 722 3229 articulis
754 3163 937 3228 Homerum
968 3163 1163 3250 plerumque

91 3283 157 3327 non
176 3263 245 3328 uti.
297 3263 349 3327 lin
379 3263 456 3328 ideo
479 3285 593 3330 omnes
615 3267 778 3332 articulos
799 3255 967 3332 exclusit!
1008 3263 1162 3330 Minime.

89 3360 146 3430 Ne
168 3363 297 3429 serente
318 3365 452 3451 quidem
475 3373 593 3432 metro.
636 3361 731 3443 Α’ίας
752 3360 817 3433 δ’(
800 3391 818 3434 ο
840 3361 999 3469 μέγαρ’
963 3391 1033 3434 αιεν
1053 3403 1096 3416 --
1116 3369 1163 3444 Π,

92 3466 166 3534 358.
220 3487 253 3533 v.
281 3465 421 3551 Didym.
444 3469 485 3549 Β,
510 3473 581 3534 lll.
612 3470 780 3555 Apollon.
803 3477 891 3555 synt.
914 3463 967 3536 tl.
1013 3469 1081 3534 Sed
1102 3459 1163 3535 dt-

93 3567 148 3634 λοι
169 3567 308 3652 scripsit
329 3589 395 3636 nou
417 3554 527 3646 ὧλλοι,
551 3571 643 3656 quod
663 3574 748 3638 sutis
768 3571 868 3638 firma
889 3569 1070 3638 accedebat
1091 3593 1162 3638 mo·

98 3771 321 3790 Μ

145 3907 171 3968 *l
188 3903 221 3961 Si
241 3905 277 3973 A,
294 3908 347 3964 :llll
364 3907 492 3978 πείρησαι
513 3903 625 3976 scripsit
646 3917 800 3963 accesserat
823 3891 917 3977 ilique
941 3911 978 3970 dc
1002 3928 1053 3970 usu
1076 3910 1192 3969 medii.

114 3987 266 4048 brerietio
300 3991 478 4050 ilerodlsam
494 3985 550 4049 iret
585 3991 648 4049 loco
666 3994 778 4050 diversa
795 3995 906 4056 miscet.
