2806 4756
73 271 398 362 ·³ssa.

225 453 373 550 ιὸῖἦθος
392 461 678 542 (Δαεκεαᾶείᾱαε)
699 450 809 528 irata
829 476 863 525 τι
883 443 1038 527 rotoiror'
1054 457 1134 548 περὶ
1155 457 1225 538 τὰς
1246 485 1323 526 κω·
1373 439 1374 494 3

224 562 376 654 καρδίαις-
398 561 461 642 dra·
481 562 544 652 peip
565 560 614 650 μὴ
639 557 738 650 νικῴη
767 555 943 646 λαμβάνων
964 561 1082 629 ἔδωκεν
1102 558 1151 640 εἷς
1170 559 1239 627 τὸν
1265 563 1322 627 λι-

230 663 379 752 βανωτὸν
398 669 600 750 κατατεμεῖν,
622 661 694 732 καὶ
715 658 762 730 αὖ
783 655 1087 747 μετεσκεύαζεν
1109 660 1254 752 ὥςπερ
1278 659 1323 728 'oi

204 763 391 839 onomat.
434 769 594 869 Poterat·
610 760 851 846 διασκευάζειν,
885 766 995 850 quoe
1004 767 1110 830 multo
1143 767 1318 850 frequen-

228 871 329 942 tius
319 891 355 935 ra
377 869 442 935 hac
464 861 512 946 re,
535 890 564 938 e
587 891 635 952 g.
642 867 744 933 Sobel
766 869 855 934 Nub.
867 867 930 934 549
941 867 1197 968 distinguantur
1210 891 1249 934 αι
1237 864 1317 932 δι

231 959 408 1053 δαχθεῑσαι
440 977 474 1036 ei
508 965 544 1035 ui
578 965 715 1057 ὕστερον
745 969 1033 1035 denormaodaioaa
1071 967 1314 1055 Νεφέλαι..

230 1073 354 1140 Athen
378 1075 451 1140 247
493 1073 567 1138 358.
590 1073 623 1135 d.
646 1066 755 1153 (nbi
741 1065 814 1148 ενός
835 1071 1012 1135 delendum
1022 1071 1171 1148 videtur)
1181 1075 1262 1138 496
1289 1074 1314 1136 f.

231 1178 305 1242 429.
319 1197 348 1241 e.
392 1177 465 1242 663.
489 1175 575 1253 c.·*).
608 1173 1034 1256 ,Nonnunquamnutotae
1055 1175 1097 1238 ab
1117 1175 1197 1239 aliis
1214 1181 1312 1255 sunt,

219 1281 275 1342 ·ab
306 1279 391 1362 ipsis
422 1277 523 1340 etiam
554 1271 779 1353 histrionibus
817 1275 976 1360 (Grysam
1009 1275 1052 1340 de
1092 1276 1311 1340 Graecorum

124 1381 127 1394 '
173 1437 177 1444 .
232 1385 320 1462 trag.
349 1383 452 1460 temp.
481 1377 580 1443 Dem.
603 1377 680 1461 ped
701 1380 800 1460 sqq.).
844 1377 902 1442 Sic
924 1379 1037 1462 pronti
1059 1397 1117 1442 res
1139 1379 1312 1444 ceciderit

234 1472 390 1565 διασκευή
412 1484 446 1543 et
467 1480 636 1544 correctio
660 1497 734 1544 esse
754 1483 921 1564 potest'et
936 1481 1117 1564 corruptio
1126 1477 1188 1559 *tt

279 1685 308 1770 ᾗ.
332 1685 366 1750 2.
396 1683 565 1750 Notandis
586 1685 742 1750 versibus
763 1684 889 1768 spuriis
900 1703 997 1747 omne
1007 1704 1108 1749 verae
1119 1686 1264 1751 criticae
1279 1693 1313 1750 ct

125 1855 128 1860 ,
237 1789 439 1856 Homericae
460 1777 1018 1850 maximefundamentum-iactum.
1048 1785 1311 1871 Nam-quamdiu

236 1893 274 1957 in
306 1889 512 1956 carminibus
539 1907 622 1953 vere
651 1887 801 1968 dissoni,
837 1885 976 1958 absurdi
1008 1887 1078 1950 ioci
1100 1889 1310 1972 legebantur,

132 2047 134 2054 .
237 1993 374 2076 vigebat
402 1992 656 2075 quaestionum,
679 2009 764 2072 quas
795 2007 899 2074 supra
926 1987 1186 2074 descripsimus,
1208 1994 1310 2057 ardor

238 2113 303 2160 nec
330 2092 453 2158 multae
480 2089 626 2154 refutari
654 2096 814 2174 poterant
843 2091 1136 2174 nisi'argumentis
1158 2095 1240 2158 item
1261 2097 1309 2157 in-

240 2193 342 2278 eptis.
358 2211 422 2256 nec
450 2209 506 2254 res
527 2211 550 2254 a
568 2192 692 2274 puerili
714 2197 749 2255 et
770 2177 954 2256 dialectica
974 2192 1173 2260 velitatione
1194 2197 1238 2260 ad
1258 2198 1307 2260 vi-

194 2330 198 2335 ·
239 2297 340 2362 rilem
368 2299 402 2358 et
432 2293 683 2374 grammaticam
716 2287 992 2359 deliberationem
1020 2296 1141 2360 venire
1172 2303 1306 2380 poterat.

242 2395 357 2475 Quare
384 2397 415 2460 si
446 2393 532 2458 nihil
560 2394 653 2460 aliud
682 2395 924 2478 praestitisset
939 2397 1135 2463 Zenodotus
1157 2395 1254 2483 quarn'
1273 2403 1308 2461 ut

205 2539 208 2544 -
241 2498 332 2564 banc
369 2492 624 2562 meditationem
662 2495 707 2560 ad
738 2497 922 2560 Homerum
952 2500 1119 2564 attulisset
1150 2521 1309 2585 nunqnam

243 2603 316 2666 eius
328 2599 490 2664 memoria
499 2601 610 2682 perire
621 2597 760 2686 deberet
766 2644 775 2678 ,
799 2591 924 2683 quippe
936 2619 963 2672 ¹a
980 2622 1046 2685 quo
1057 2603 1166 2665 omnis
1179 2605 1309 2667 criticae

243 2701 432 2787 primordia
453 2700 636 2784 repetenda
658 2707 779 2772 essent.
815 2697 1008 2772 ·Causas·si
1031 2706 1221 2786 quaerimus
1242 2707 1309 2789 qui·
1337 2732 1345 2748 .

243 2805 307 2870 bus
348 2805 506 2866 cornmoti
544 2821 662 2868 versus
702 2821 804 2867 veros
832 2805 907 2866 non
945 2823 1019 2868 esse
1052 2807 1307 2888 pronuntiamus,

196 2977 198 2985 s
242 2903 408 3000 qupttuor
435 2908 524 2968 sunt.
566 2903 728 2968 ¹Primum
756 2902 919 2968 deficiens
941 2907 1126 2968 carminum
1149 2927 1308 2974 connexus

247 3005 305 3073 vel
336 3006 542 3088 discrepans.
591 3005 726 3073 Deinde
738 3039 741 3043 ·
753 3007 785 3072 si
806 3005 891 3091 quid
910 3006 1070 3090 displicet
1090 3007 1128 3071 iu
1148 3017 1220 3075 arte
1240 3031 1309 3095 poe-

255 3413 284 3470 d
301 3330 327 3394 ⁸)
343 3325 471 3396 apparu
486 3341 524 3380 ex
540 3326 585 3382 bis
601 3327 672 3382 iocis
689 3341 775 3436 qaam
786 3341 832 3383 res
848 3327 1004 3442 ireqnens'
995 3343 1025 3383 m
1041 3327 1193 3384 recentiori
1210 3345 1308 3384 conoe·

275 3431 304 3472 ra
320 3414 413 3520 fuerit.

244 3583 253 3602 “’
305 3586 345 3650 ”t
362 3585 409 3642 De
431 3562 596 3638 diaceuastis
617 3596 669 3646 uos
689 3589 785 3636 nostro
808 3598 889 3656 more
909 3583 1099 3654 exposuimus.
1135 3581 1269 3653 Quidquid
1284 3586 1309 3638 ir

253 3671 368 3724 eandem
385 3665 543 3724 sententiam
563 3662 663 3730 dictum
681 3675 723 3720 est
739 3667 774 3722 ab
791 3667 972 3736 Heinrichio,
975 3669 1065 3739 quod
1083 3668 1184 3722 iactam
1200 3685 1258 3723 esse
1273 3669 1311 3723 ri-

161 3809 164 3816 ,
255 3754 311 3808 deo
331 3771 368 3808 ex
385 3751 523 3809 Nitascbii
542 3743 765 3822 praeparatione
771 3749 943 3830 indagandae
960 3770 1012 3821 per
1024 3754 1193 3824 odysseam
1200 3755 1310 3823 interpo-

255 3837 408 3906 lationist.
426 3843 471 3902 li,
485 3836 516 3890 id
535 3843 622 3890 totum
637 3833 683 3890 iili
701 3845 843 3906 acceptum
859 3837 961 3895 referri
978 3831 1113 3896 totunm
1160 3837 1218 3896 Nor
1233 3837 1311 3895 ilem

256 3921 343 3978 ricbii
357 3920 483 3981 uocum
499 3931 636 3990 nunquan
653 3919 791 3989 vidimus.
909 3959 912 3968 1
