2824 4756
200 343 207 392 ⁹
262 369 326 441 on

268 533 544 635 προδυμουμίνης
571 530 673 616 hiric
690 529 838 622 βαδίζειν
857 533 996 620 ταχέως,
1017 534 1064 626 μὴ
1086 537 1276 630 δυναμένης
1297 541 1344 622 δέ,

266 643 352 714 ἀλλὰ
368 641 452 710 κατὰ
470 637 575 729 βραχὺ
586 637 688 705 διὰτὸ
698 643 818 728 γῆρας·
840 633 867 706 o‘
882 639 919 706 δὲ
930 642 1008 716 (ius.
1021 633 1169 728 Κράτης)
1179 637 1343 732 ὑπερεξε-

263 746 418 817 τείνοντο.
448 735 582 828 δι’μεινον
597 742 700 828 δῆθεν
714 739 887 818 ἐκινοῦντο,
910 739 1003 828 παρὰ
1014 739 1053 806 τὸ
1075 738 1182 832 ἴκταρ,
1208 741 1231 810 δ’
1251 743 1343 810 ἔστιν

263 845 367 940 ἐγγύς.
384 843 511 935 καὶγὰρ
521 840 707 932 προείρηκε,
719 835 860 929 γούνατα
875 835 906 910 δ’
918 836 1115 932 ἐρρώσαντο.
1136 843 1270 928 ταχέως
1283 839 1338 914 οὖν

262 947 512 1040 δπερικνοῢντο,
539 942 560 1011 δ’
585 943 655 1012 ἐστι
681 938 907 1032 παρεγίνοντο.
959 947 1114 1030 Apollon.
1137 948 1209 1013 lex.
1234 950 1338 1016 Horu.

261 1075 296 1140 p.
325 1056 397 1120 eol.
426 1044 703 1137 ὑπερικταίνοντο.
759 1048 833 1132 Τῶν
859 1042 953 1124 δίπαξ
978 1042 1154 1135 εἰρημένων
1181 1047 1218 1115 ἐν
1238 1052 1286 1139 τῇ
1310 1054 1338 1116 Ψ

260 1150 439 1248 ῥαψῳδία·
462 1145 480 1218 ὁ
502 1145 564 1236 peip
582 1141 808 1235 Ἀρίοταρχός
828 1168 912 1234 φησι
932 1140 1015 1234 ripun
1029 1144 1227 1230 ἐπάλλοντο,
1250 1177 1337 1243 προ-

260 1251 471 1340 θυμουμένοις
492 1245 592 1336 αὐτῆς
610 1244 758 1332 βαδίζειν
777 1247 838 1331 μὲν
858 1248 990 1330 ταχέως,
1012 1247 1058 1337 μὴ
1080 1251 1264 1340 δυναμένης
1288 1255 1332 1330 δὲ,

262 1353 347 1426 ἀλλὰ
367 1352 451 1420 κατὰ
471 1350 591 1440 βραχὺ,
616 1347 678 1418 ’διὰ
707 1345 746 1414 τὸ
767 1350 879 1438 γῆρας.
923 1351 1275 1450 (βεαεαπιεκρεεεείί
1297 1364 1333 1422 ut

177 1489 182 1496 ¹
259 1459 449 1544 Virgiliust
470 1453 581 1520 studio
597 1452 798 1543 properpbut
812 1452 893 1538 anili
907 1453 973 1536 lv,
988 1456 1076 1535 (illl
1092 1452 1250 1542 φαίνεται
1262 1454 1332 1523 τοί-

149 1615 152 1622 .
235 1603 237 1608 ·
259 1587 315 1630 νυν
329 1559 367 1628 τὸ
382 1559 507 1647 πλίρες
517 1553 602 1622 κατὰ
619 1548 845 1643 Ἀρίσταρχον
858 1550 1088 1643 ἐρικταίνοντο.
1131 1555 1205 1624 καί
1227 1558 1332 1645 δῆλα

258 1662 308 1732 τὰ
328 1666 399 1749 τῆς
419 1651 701 1745 ἀναγνώσεως·
724 1654 804 1722 ἔνιοι
834 1655 1030 1736 ‹ii-Quae
1048 1661 1201 1742 quamvis
1227 1662 1328 1745 plena

125 1769 128 1776 '
257 1766 469 1834 confusionis
490 1767 525 1827 et
545 1752 763 1825 obscuritatis
783 1749 870 1842 sint,
893 1766 1005 1829 tamen
1025 1762 1111 1826 illud
1131 1770 1275 1846 apparet
1296 1770 1329 1829 ct

256 1871 377 1956 primis
406 1868 473 1931 iam
504 1863 670 1928 nascentis
701 1862 938 1954 grammaticae
968 1865 1173 1946 temporibus
1195 1865 1239 1930 δε
1261 1865 1326 1930 hac

184 2023 190 2032 ,
256 1992 342 2038 voce
370 1971 556 2034 dissensum
583 1964 690 2029 fuisse
718 1969 754 2028 et
785 1965 984 2028 sententiam
1004 1985 1098 2030 suum
1120 1967 1324 2050 explicuisse

254 2069 488 2140 Aristarchum
521 2071 556 2130 et
586 2070 697 2129 totum·
720 2064 763 2128 de
794 2085 835 2130 eo
866 2067 1029 2132 vocabulo
1062 2061 1323 2152 disputationem

256 2195 333 2238 cum
362 2168 556 2255 quaestione
581 2167 624 2230 de
649 2166 761 2231 media
781 2169 994 2252 aspiratione
1022 2168 1213 2235 arctissime
1246 2191 1322 2236 cou-

153 2283 156 2290 '
253 2277 403 2346 iunctam
428 2269 549 2352 spisse,
577 2287 653 2332 curn
684 2266 819 2350 quidam
840 2261 1005 2336 ἱκνεῖσθαι
1024 2270 1134 2334 inesse
1155 2278 1319 2354 putarent,

254 2377 316 2448 alii
343 2371 453 2440 aliud:
483 2374 605 2456 quauta
636 2368 809 2433 dubitandi
829 2370 935 2435 suerit
957 2372 1192 2456 opportunitas
1216 2377 1319 2458 magis
1392 2371 1393 2446 l

168 2463 171 2470 ¹
255 2482 356 2546 etium
377 2463 515 2560 ‘patebit
544 2469 756 2548 Eustathiuru
781 2471 970 2540 conserenti
1002 2474 1056 2538 ad.
1077 2471 1100 2538 l.
1122 2472 1145 2536 l.
1168 2496 1200 2559 p.
1226 2477 1317 2543 1936.
1392 2485 1393 2492 ’

255 2582 311 2645 1)ε
342 2575 506 2644 vocabulo
538 2569 635 2662 δίεταρ
663 2574 716 2638 rel
744 2567 856 2662 ἵκταρ,
891 2576 987 2659 quod
1009 2576 1053 2639 ad
1085 2574 1320 2658 explicandum

254 2683 449 2761 adhibetur„
483 2679 553 2746 vid.
586 2674 699 2744 Schol.
732 2674 862 2760 Theog.
896 2677 956 2743 691
988 2682 1024 2742 ct
1054 2673 1191 2756 Ruhnlr.
1226 2677 1316 2745 Tim.

251 2807 286 2872 p,
309 2784 380 2850 149.
402 2817 462 2839 ···-

314 2987 468 3071 Denique
494 3001 569 3050 cum
589 2973 785 3048 Hellanicus
805 2979 999 3048 Aristarchi
1024 2984 1176 3070 aequalis
1195 2986 1244 3050 sit
1264 2985 1311 3066 (v.

250 3071 401 3157 ffiuert
421 3087 544 3152 Rhein.
565 3087 654 3174 Mus
684 3085 715 3166 Ι,
737 3089 757 3150 3
780 3106 811 3169 p.
833 3085 919 3163 2118)·
930 3090 1067 3168 propter
1088 3087 1168 3152 eius.
1181 3087 1320 3151 dubita-

249 3198 377 3262 tionem
411 3189 577 3273 suspiceri
612 3188 693 3251 licet
729 3191 763 3250 et
793 3187 902 3272 ipsum
933 3185 1168 3252 Aristarchum
1200 3189 1245 3254 ed
1275 3193 1310 3271 β,

176 3309 179 3315 ’
249 3293 560 3381 185¹quaestionem
581 3288 623 3352 de
643 3290 940 3371 interaspiratione
962 3289 1123 3371 tetigisse.
1176 3289 1259 3354 Scil.
1279 3293 1313 3372 β,
1392 3367 1393 3372 ¹

151 3387 154 3393 Α
249 3403 311 3468 185
332 3398 406 3463 hoe
418 3391 523 3460 schol.
544 3395 613 3457 estt
635 3382 802 3482 ἀνιείης
815 3386 1019 3474 δασυνητέον.
1062 3385 1134 3456 ἔστι
1153 3388 1217 3480 μὰρ
1239 3384 1314 3457 ἀντὶ

149 3511 154 3524 ’
248 3503 308 3569 τοῦ
329 3491 527 3570 δναπείθοις
554 3484 622 3568 ἀπὸ
648 3491 841 3579 μεταφορᾶς
866 3491 934 3573 τῷν
954 3491 1096 3576 κυνηγῶν
1114 3493 1179 3558 τῶν
1199 3489 1314 3581 ἐφιέν-

247 3629 313 3672 των
340 3599 416 3680 τοὺς
441 3589 577 3682 ἱμάντας
603 3593 673 3670 τοῖς
699 3587 782 3659 κυσί.
836 3590 936 3682 thrici
956 3590 992 3658 δὲ
1009 3585 1195 3671 Ἑλλάνικος
1215 3589 1312 3682 παρὰ

246 3704 305 3796 τὴν
336 3692 428 3770 ἀνίαν
444 3685 667 3780 ’ἐκδεχόμενος
697 3691 735 3760 τὸ
767 3691 925 3780 λυποίης·
958 3687 987 3760 εί
1014 3691 1051 3760 δὲ
1078 3696 1193 3772 τοῦτο,
1216 3691 1313 3782 ἔχρὶν

245 3801 383 3897 μρδφειν
404 3795 537 3889 ἀνιῴης·
560 3789 695 3884 τοιαύτη
717 3793 779 3885 γὰρ
799 3789 820 3880 ἦ
843 3792 979 3882 δευτέρα
1000 3792 1143 3880 συζυγία.
1195 3797 1314 3884 Appo-

187 3905 189 3912 ’
244 3899 321 3976 uam
342 3908 385 3971 de
404 3903 582 3970 Hellanico
605 3899 766 3966 Grauerti
786 3900 890 3964 verbu
911 3919 943 3982 p.
967 3897 1029 3964 208
1051 3896 1233 3982 ,'‚zuglcich
1257 3919 1314 3963 er.

160 4018 165 4030 ’
245 4008 377 4080 scheint
397 4027 436 4073 er
456 4006 507 4073 als
528 4005 620 4072 einer
641 4001 702 4067 der
723 4001 986 4083 (imminentium,
1015 3997 1147 4068 welche
1167 3999 1215 4066 im
1236 3999 1314 4066 llo·
