2824 4756
245 334 313 404 484

244 501 303 583 νὸς
329 498 487 587 τεχθέντα
512 498 570 570 τὸν
597 501 704 570 παῖδα
733 499 877 592 Τεῦκρον
907 492 1067 570 ἐκάλεσαν
1093 499 1325 590 προαναπάμ-

242 618 368 696 ψαντες
397 602 456 672 τὸν
485 599 581 671 τόνον
606 602 663 673 καί
689 599 886 691 ποιήσαντες
912 598 1035 691 κύριον.
1088 600 1231 694 Τευκροί
1253 603 1323 694 γὰρ

246 704 280 776 oi
309 710 423 799 Τρῶες
450 701 520 774 άπὸ
547 708 608 774 τοῦ
632 701 865 792 βασιλεύοντος
884 700 999 785 αὐτῶν,
1016 699 1182 796 Τειύιρου.Υ
1216 709 1320 774 Eust.

244 813 338 892 196⁷,
371 816 414 879 34
445 807 501 876 καί
532 811 676 898 Τεῦκρος
701 808 762 895 μὲν
789 804 920 898 ιιάριον,Ι
945 805 1090 897 Τευνρὸς
1110 808 1148 878 δά
1169 806 1318 877 ε’θναιάν.

241 914 331 980 Item
362 913 492 980 Herod.
522 913 648 980 Arcad.
683 935 717 998 p.
747 914 801 979 74.
850 913 911 990 (Et
936 905 1080 999 Γραικάς
1110 935 1143 998 p.
1172 913 1240 993 50).
1275 949 1318 962 —

240 1017 427 1082 Praeterea
438 1009 573 1094 Δαναός
584 1015 720 1102 quidem
731 1016 844 1082 dictus
858 1035 902 1084 ex
914 1015 1041 1100 regule,
1062 1016 1172 1084 sed—
1182 1009 1316 1101 Δανάη.

304 1153 484 1238 Pergimus
511 1150 593 1218 hine
621 1152 666 1218 ud
695 1151 734 1216 id
761 1152 853 1238 quod
879 1153 1069 1236 proximum
1098 1157 1159 1219 est.
1213 1151 1316 1216 Scili-

239 1259 300 1321 oet
319 1275 388 1323 non
407 1256 603 1331 conditores
624 1259 753 1320 tunium
774 1257 817 1320 ub
838 1255 980 1344 urbibus
998 1255 1166 1339 terrisque
1180 1257 1317 1319 nomina

240 1357 381 1440 habent3
413 1357 474 1422 sed
506 1362 639 1426 constat
669 1353 762 1422 haud
792 1377 871 1424 raro
901 1358 1052 1423 Graecos
1078 1361 1195 1443 pueris
1226 1359 1315 1422 eius-

241 1460 337 1522 modi
358 1462 496 1525 uomina
517 1463 736 1547 imposuisset
759 1469 900 1546 propter
919 1463 1034 1526 varias
1047 1479 1175 1526 causas.
1198 1459 1313 1526 Schol.

241 1560 386 1627 Aristid.
407 1565 481 1640 515,
503 1564 547 1629 24
567 1559 658 1642 υἱοὺς
686 1563 724 1631 δὲ
744 1561 832 1646 ἴαχεν
861 1562 903 1652 ἓξ
921 1564 1071 1640 (Cimon)
1092 1551 1138 1630 ὧν
1157 1559 1237 1638 τοὺς
1250 1559 1316 1645 μὲν

240 1666 329 1752 τρεῖς
357 1658 428 1730 άπδ
457 1661 564 1731 ἐθνῶν
592 1655 637 1731 ὧν
665 1660 883 1755 προύξένησεν
915 1659 1066 1749 ὠνόμασε
1095 1657 1314 1747 Λακεδαιμό-

240 1789 328 1842 νιον,
357 1760 504 1845 Ἠλεῖον,
541 1764 756 1851 Θετταλόν*).
808 1767 863 1834 Cf.
895 1768 1017 1834 Athen.
1041 1769 1115 1834 439.
1136 1767 1162 1831 s.
1185 1768 1228 1829 de
1250 1767 1315 1830 An·

242 1869 359 1934 tiouho
387 1891 525 1954 magno:
554 1864 689 1958 ἠράσθη
716 1868 897 1960 παρθένου
922 1870 1127 1951 Χαλκιδικῆς
1146 1906 1189 1918 -
1211 1905 1249 1918 -
1273 1905 1313 1918 -

241 1969 297 2037 καί
317 1967 396 2047 τοὺς
404 1966 540 2092 γάμους
560 1971 757 2039 συντελῶν
740 1997 774 2040 εν
794 1996 836 2061 τῃ
820 1969 1002 2062 ’Χαλνίδι
1023 1965 1146 2039 αὐτόθι
1162 1970 1312 2061 διέτριψε

240 2069 298 2137 τὸν
317 2073 526 2156 χειμῶνα..
548 2069 680 2141 ,ἔθετο
703 2075 741 2142 δὲ
761 2075 818 2155 καὶ
838 2075 880 2164 τῇ
907 2067 1048 2142 παιδί”
1027 2097 1134 2165 ονομα
1153 2067 1308 2159 Ευβσιαν.

242 2171 345 2241 Nunc
376 2175 520 2258 primurn
553 2176 633 2240 de
624 2179 670 2257 ris
696 2181 908 2263 quaerimuS,
938 2199 1023 2264 quae
1054 2176 1190 2244 ethnica
1223 2183 1309 2258 sunt,

240 2277 394 2342 valeatne
423 2278 538 2343 eadem
565 2279 621 2343 iex
647 2281 787 2364 quaein
800 2281 1022 2346 conditorum
1044 2281 1235 2346 nominibus
1255 2301 1309 2343 va-

243 2380 346 2444 lebat.
396 2379 557 2461 Eunden
575 2383 689 2447 valere
716 2403 780 2448 nec
807 2404 928 2450 nornen
958 2383 1133 2469 proprium
1155 2403 1176 2447 a
1196 2383 1310 2468 gentili

241 2481 382 2548 differre
410 2483 593 2566 respondet
621 2486 717 2551 Eust.
750 2509 783 2568 p.
813 2489 886 2567 325,
910 2488 952 2552 40
980 2486 1024 2550 ad
1056 2487 1096 2562 B,
1119 2486 1181 2550 701-
1203 2478 1309 2550 τάνδ’

172 2575 176 2580 ’
242 2577 558 2674 invare-Aoniam
586 2580 677 2676 άνὴρ.
732 2582 832 2675 ἠγοῧν
857 2582 1033 2676 Δάρδανον
1054 2579 1168 2674 ι’ίνδρα,
1192 2579 1239 2665 τάς
1258 2584 1308 2676 ἐρ-

240 2685 337 2776 ρέθη,
359 2682 470 2776 νοήσει
490 2712 541 2780 τις
562 2683 723 2777 ἀορίστως
743 2686 828 2756 κατὰ
849 2687 983 2756 ίθνικὸν
1003 2679 1092 2767 εἶδος
1112 2681 1135 2776 ἦ
1155 2682 1307 2770 ὀνοματι-

114 2813 117 2818 ·
215 2791 306 2871 ,τοῖς
335 2789 484 2859 τουτέστι
515 2789 600 2857 κατά
630 2787 743 2880 κύριον
774 2784 882 2875 άνσμα
914 2785 1089 2874 ὁμώνυμον
1120 2791 1168 2876 τῷ
1189 2788 1308 2876 ε’θνικῷ

155 2907 160 2918 ·
240 2887 349 2979 άίςπερ
370 2890 426 2956 καί
443 2887 575 2976 Ἀχαιός
598 2893 681 2960 κατὰ
702 2893 760 2960 τὸν
774 2888 880 2961 αὐτὸν
908 2888 1106 2982 Πορφὺριον
1131 2888 1309 2981 τραγῳδίας

134 3001 143 3032 ¹
239 2991 380 3078 ποιητὴς
414 2987 594 3084 Ἐρετριεύς
632 2991 805 3081 ὁμώνυμος
839 2998 886 3084 τῷ
918 2993 1050 3082 δθνικῷ.
1111 2992 1168 3062 καί
1199 2991 1308 3078 Λίβυς

239 3087 368 3176 ὁμοίως
388 3089 407 3160 ὁ
424 3092 629 3186 ’Λυσάνδρου
651 3094 804 3186 ἀδελφός.
848 3095 904 3164 καὶ
920 3091 1051 3175 Ἐπειός
1072 3091 1092 3162 ὁ
1113 3095 1235 3164 τέκτων
1250 3098 1307 3160 τοῦ

239 3193 392 3286 δουρείου
419 3194 529 3264 ίππσυ
556 3199 641 3266 κατὰ
667 3195 858 3285 ὁμωνυμίαν
877 3201 937 3266 τοῦ
959 3198 1105 3266 δθνικοῦ,
1145 3197 1204 3262 καί
1223 3192 1303 3262 Σκά-

237 3305 306 3386 θης
326 3293 344 3365 ὃ
363 3293 600 3388 Ἀκαδημαλιιὸς
620 3301 727 3390 σοφὸς
747 3300 831 3368 κατὰ
853 3299 965 3389 φωνὴν
986 3295 1120 3388 ἓθνικὴν
1141 3297 1199 3364 καὶ
1212 3297 1303 3362 Μαί-

240 3425 285 3466 οιν
305 3397 502 3491 Αἱμονίδης,
513 3398 693 3488 ὁμωνύμως
714 3406 761 3491 τῷ
780 3405 920 3490 Λυδικῷ
942 3401 1064 3490 δθνικῷ
1084 3398 1225 3468 Maium.
1249 3396 1303 3466 oii-

238 3527 304 3592 τως
324 3493 382 3571 οὗν
402 3503 458 3594 καί
477 3502 652 3596 Δάρδανος
673 3502 724 3593 εἴη
746 3499 786 3572 iv
807 3499 928 3592 κύριον,
952 3502 997 3584 ὅς’
1010 3497 1117 3571 άνεῖλε
1134 3499 1302 3592 Πρωτεσί-

238 3607 321 3673 λαον
348 3603 456 3698 ὥςπερ
485 3604 597 3700 κύριον
625 3607 681 3675 καί
708 3603 727 3674 ὁ
754 3601 999 3752 Δάρδανος,·ὃν
1020 3601 1128 3674 ἀνελεῖ
1148 3600 1167 3671 ὁ
1185 3599 1300 3688 ’Axur

288 3898 315 3963 *)
332 3898 423 3952 Paulo
441 3898 520 3954 nliter
538 3899 590 3953 de
587 3898 796 3962 hucedueunone
813 3897 866 3965 (sie
882 3897 922 3953 ibi
941 3895 1056 3962 dicitnr)
1074 3915 1103 3970 p.
1120 3897 1180 3961 518
1196 3899 1240 3962 no,
1257 3911 1302 3950 ne·

202 4041 216 4066 .
239 4001 294 4056 qne
311 3994 400 4042 neuneu
418 3986 457 4040 inu
475 3993 504 4039 ut
521 3994 668 4058 repugnet
1050 4029 1052 4038 .
