2824 4756
267 407 331 472 166

268 577 452 646 accedente
478 577 623 664 quadarn
649 561 882 646 rimntiuorae.
926 576 986 644 Sic
1007 575 1121 660 iiiam,
1152 579 1259 643 cuins
1285 580 1355 646 iarr
1386 595 1387 656 ι

267 690 366 749 antea
387 683 480 751 sacta
501 689 553 747 est
572 683 716 764 mentio,
737 679 886 746 Vulcani
907 682 1050 746 insulam
1072 683 1201 746 omisso
1219 675 1357 770 Ἡφαί-

267 807 347 850 στου
373 803 536 867 nusquam
566 785 691 848 dictam
723 803 797 850 esse
818 779 910 871 ἱέραν
930 803 997 847 uon
1018 791 1165 866 praesto.
1214 785 1354 861 Quam-

267 907 367 973 quam
395 888 582 970 scriptores
609 887 760 950 Graecos
781 887 893 970 potius
915 885 1046 950 dixisse
1068 879 1142 971 ἱερά
1164 887 1353 950 credimus

266 991 350 1056 Μαι.
374 987 441 1054 huo
463 989 713 1052 inclinantibus,
755 987 802 1052 V.
824 996 959 1074 practer
980 989 1077 1052 iocos
1098 988 1228 1072 Polyb.
1243 1009 1354 1074 snpra

267 1099 545 1159 commemoratos
576 1089 686 1155 Thuc.
719 1091 750 1169 1,
772 1091 823 1154 88.
850 1091 959 1186 ⁸Diod.
990 1089 1037 1172 V,
1059 1091 1091 1156 7.
1129 1089 1245 1156 Strab.
1275 1093 1351 1156 277.

266 1196 363 1262 Eust.
388 1197 483 1275 1611,
504 1195 556 1258 36.
600 1193 646 1256 Et
667 1191 821 1254 exhibuit
842 1193 894 1256 sic
915 1192 990 1256 cod.
1019 1193 1131 1256 Paris.
1155 1211 1210 1276 ap.
1234 1193 1346 1258 Paus.

266 1297 316 1375 X,
340 1300 444 1377 11‚3.
489 1295 574 1357 Item
596 1295 707 1357 Paris·
729 1293 766 1356 iu
786 1292 858 1358 sch.
881 1295 992 1378 Apoll.
1014 1293 1082 1359 Rh.
1112 1295 1255 1374 111,st
1283 1295 1348 1374 lv,

266 1401 340 1464 761.
394 1396 464 1460 Sed
491 1395 583 1458 Flor.
602 1388 699 1483 Ἱέρα.
731 1401 790 1443 „r
813 1391 960 1486 Λιπάρα
981 1403 1091 1482 utrum
1113 1397 1210 1460 dicta
1232 1399 1282 1459 sit
1305 1419 1346 1460 aa

266 1493 412 1587 Λιπαρά
441 1499 533 1562 uuila
557 1497 731 1562 iudicandi
757 1499 874 1582 regula
894 1505 997 1581 csset3
1025 1501 1093 1562 uisi
1120 1501 1156 1562 in
1178 1498 1248 1563 hac
1273 1521 1345 1563 oru-

267 1605 357 1668 nium
380 1605 541 1666 librorum
563 1618 743 1664 consensus
764 1605 953 1684 praestaret
972 1595 1128 1687 Λιπάρα,
1151 1621 1215 1665 uec
1237 1621 1344 1666 causa

130 1727 132 1736 ’
165 1779 169 1794 .
267 1713 320 1772 est
338 1703 541 1782 diffidendi5
564 1722 764 1788 quamquam
786 1705 822 1766 in
843 1703 967 1767 insulis
988 1703 1186 1786 saepissime
1210 1701 1341 1767 sactum

267 1808 443 1874 utaddito
464 1809 562 1892 νῆσος
588 1807 794 1870 dicerentur.
829 1805 907 1870 ·Sic
929 1802 1072 1868 Achillis
1092 1805 1204 1868 insuia
1224 1801 1342 1889 Λευκὴ

267 1933 381 1998 νησος,
409 1917 443 1975 et
468 1910 592 1973 omisso
622 1908 726 1972 subst.
756 1900 853 1993 λευκή
886 1907 990 1974 Paos
1017 1907 1084 1986 111,
1108 1908 1161 1985 19,
1182 1911 1236 1973 11.
1261 1909 1340 1970 Aut.

266 2014 344 2078 Lib.
368 2005 427 2090 κζ.
448 2011 583 2074 Arriau.
599 2011 719 2094 peripl.
743 2003 783 2076 κ’.
815 2010 881 2076 Sed
905 2012 983 2074 urbs
1000 2011 1131 2073 Λεῦκαι
1142 2007 1269 2094 Polyb
1281 2011 1339 2084 IV,

266 2116 319 2180 ³6.
363 2113 475 2176 Strab.
497 2111 598 2191 XIV,
621 2114 694 2178 616.
718 2115 793 2178 617.
835 2114 883 2178 Ut
903 2106 1040 2202 Πύρρα,
1062 2105 1185 2199 1116ρα,
1213 2108 1335 2199 Θέρμῃ,
1384 2157 1385 2160 ¹

178 2209 181 2220 '
271 2212 411 2300 Θέρμαι,
438 2209 564 2299 Θέρμα,
586 2215 676 2296 quod
687 2214 731 2279 ad
742 2215 947 2298 relnquorum
960 2213 1146 2296 analogiam
1158 2231 1195 2277 se
1205 2233 1333 2277 accom-

266 2317 436 2398 modavit,
443 2334 666 2418 quamquam
698 2303 784 2380 draeo
813 2316 978 2382 neutralis
1009 2315 1120 2380 souma
1152 2315 1264 2379 allicit
1294 2315 1332 2380 ad

265 2419 487 2504 supplendum
526 2411 641 2482 ὕδατα.
707 2417 835 2482 Contra
873 2425 912 2483 ut
945 2439 1033 2483 nunc
1058 2417 1125 2480 hoc
1150 2433 1274 2502 ponam
1298 2412 1331 2480 cd

267 2515 423 2610 γλαφυρά
458 2512 665 2598 ὀξύνεται”
628 2541 696 2584 cccc
717 2510 822 2603 ὄνομα
854 2514 1039 2598 πόλεως
1010 2517 1071 2606 εἴη’
1082 2513 1151 2585 εἴτε
1171 2513 1333 2592 ἐπίθετον,

265 2625 385 2690 Herod
416 2623 540 2689 Arcad.
574 2623 718 2698 161,11.

333 2728 430 2793 Haeo
458 2724 656 2790 brevissima
678 2743 815 2788 mouere
837 2741 914 2788 uon
923 2727 1084 2790 absonum
1104 2727 1228 2791 visum.
1268 2726 1330 2791 Au·

266 2835 404 2914 tequam
434 2827 522 2892 enirn
550 2825 634 2890 haec
659 2829 823 2910 quaestio
842 2827 1041 2928 perlustrari
1069 2827 1178 2910 possit
1197 2847 1329 2892 necessa

266 2938 320 2997 est
350 2941 470 2994 omues
493 2929 613 3012 quibus
645 2927 779 2993 codices
811 2928 981 2993 adeundi
987 2929 1137 2993 facultas
1166 2928 1225 2993 est
1245 2928 1330 2994 ιιίἶ161

267 3032 311 3096 de
343 3051 404 3096 auo
436 3029 562 3098 addant
592 3029 647 3097 vel
670 3030 810 3116 demant
836 3031 1123 3168 intelligendoq'uu
1151 3030 1279 3098 faciant
1299 3033 1331 3094 ut

267 3133 316 3274 nii
337 3131 540 3216 intelligant.

275 3334 359 3420 §.
383 3335 434 3402 16.
479 3331 668 3414 Hede,
690 3267 734 3402 66
753 3328 940 3462 Πήδαιον.
967 3329 1225 3427 iipducopxog‘
1200 3359 1247 3417 ως
1265 3331 1332 3423 Πή-

268 3439 387 3515 aanor,
401 3407 458 3502 nui
478 3430 714 3560 dnexpp'nrpuer·
744 3461 800 3504 και
820 3432 902 3516 ισως
921 3433 1030 3521 ipsc*
997 3437 1163 3528 αφορμῆν
1183 3433 1331 3564 τοιαύιρν

208 3593 212 3602 ,
267 3533 313 3618 ὥς
344 3532 512 3616 πολλάκις
550 3535 604 3604 ιὰ
609 3539 765 3610 ricuino
793 3535 907 3628 τρίτην
939 3535 1008 3608 ἀπὸ
1030 3539 1208 3620 ιὲλονς”
1187 3563 1264 3623 εχει
1281 3538 1333 3662 cipp

267 3634 394 3720 ὀξεῖαν,
427 3637 459 3708 εἰ
489 3640 579 3732 ῥῆμα
613 3633 720 3707 αὐτῶν
750 3635 990 3768 προκατάρχοι,
1021 3639 1131 3732 ὥςπερ
1158 3638 1271 3725 ἔχουσι
1297 3637 1330 3708 τὸ

265 3743 403 3837 βέβαιος
427 3741 536 3831 (παρὰ
564 3739 627 3841 γὰρ
654 3740 693 3812 τὸ
719 3741 861 3831 βέβηκα)
890 3737 936 3824 ὥς
956 3742 994 3810 τὸ
1020 3743 1178 3826 Otium,
1211 3743 1251 3812 cd
1273 3739 1331 3810 Ni-

266 3869 380 3969 ιραιος,
404 3841 444 3919 τὸ
470 3831 625 3931 Τιμαὶος.
674 3848 826 3920 τοιοῦτον
854 3837 912 3914 οὖν
932 3872 988 3916 ναι
980 3840 1180 3971 Πήδαιιιρ·
1203 3839 1245 3913 οὗ
1264 3839 1331 3934 γᾶρ

268 3939 313 4024 ὡς
328 3941 440 4016 οἴεται
461 3939 507 4012 d
501 3942 630 4036 Ἅβρων,
652 3945 747 4036 παρὰ
767 3946 826 4036 τὴν
846 3949 972 4035 ιιῆδον·
994 3944 1163 4026 ἐοικὸς
1124 3971 1188 4038 γαρ
1207 3949 1331 4034 μᾶλλον

223 4053 227 4058 ’
265 4041 353 4138 ἥρωϊ
370 4045 464 4137 παρὰ
485 4045 532 4123 τὸ
545 4049 655 4136 πηδᾶν
674 4047 922 4136 ἐσχηματίσθαι.
