2876 4746
255 339 297 404 82

160 538 163 544 ·
241 514 295 576 ut
319 484 741 586 Quotus'smtlitudmen
761 524 782 570 a
806 503 977 572 bestiariis
991 502 1161 590 sumserit,
1184 494 1224 583 ς’,
1248 503 1321 584 bai.

256 611 481 679 Alexandrini
503 629 579 680 cum
601 611 698 693 opica
718 609 868 673 carmina
883 606 1035 672 ‘condere
1057 604 1323 699 aggrederentur
1417 595 1418 626 ³

243 734 324 780 ‚uon
344 714 382 776 id
404 717 555 800 egerunt,
577 718 616 774 ut
636 713 694 774 ubi
714 709 882 774 Homerus
903 710 958 774 vel
978 707 1108 780 fabulas
1136 707 1191 772 vel
1213 727 1324 772 mores

258 823 293 880 et
321 817 474 890 instituta
501 813 556 876 vel
586 812 723 882 dicendi
752 810 981 876 artificia„·vel
1012 829 1196 872 sermonem
1220 809 1325 874 Grae-

258 938 333 984 cum
363 915 573 998 reliquisset,
603 914 650 1000 ibi
674 919 708 976 et
729 913 797 998 ipsi
819 914 938 997 pedem
960 911 1120 974 sisterent
1141 912 1257 994 itaque
1279 912 1321 974 il-

256 1021 325 1082 lum
347 1004 576 1102 exprimerent
597 1017 692 1098 quasi
715 1015 838 1099 aliquis
859 1013 963 1078 Iliadi
977 1014 1159 1100 proximus
1180 1011 1320 1096 rhapso-

258 1119 320 1182 dus
342 1121 402 1202 qui
423 1119 549 1181 nullum
571 1116 664 1180 aliud
685 1112 824 1181 haberet
845 1115 1045 1198 exemplum.
1100 1113 1168 1178 Sed
1181 1121 1229 1184 ‘ut
1250 1133 1323 1180 sae-

151 1240 156 1248 ·
259 1222 345 1284 culis
367 1219 594 1302 superioribus
610 1221 728 1301 ,poesis
759 1218 891 1291 Graeca
919 1236 979 1300 per
1000 1215 1122 1299 gradus
1143 1236 1322 1299 progressa
1418 1269 1419 1284 ,

258 1327 323 1400 est,
353 1329 440 1404 nunc
461 1340 523 1402 per
544 1315 686 1404 aliquod,
704 1324 833 1402 tempus
854 1320 889 1382 in
911 1319 1100 1384 imitatione
1122 1321 1320 1393 consistens,

257 1441 345 1486 nunc
374 1426 575 1484 commutato
598 1421 730 1503 partim
759 1421 966 1484 audientium
997 1419 1166 1502 desiderio
1199 1422 1322 1501 partim

191 1575 195 1582 ,
259 1542 423 1587 converso
452 1522 758 1612 litterarumtstatu
773 1524 911 1606 ,partim
943 1524 1151 1606 ingeniosum
1181 1526 1323 1604 propter

257 1626 313 1690 vel
343 1629 433 1688 certe
463 1623 622 1686 audacem
644 1629 839 1689 novatorem
859 1644 967 1688 novos
988 1625 1120 1710 colores
1141 1642 1323 1702 assumens,

259 1727 309 1791 sic
335 1725 572 1790 Alexandrina
598 1727 710 1808 poesis
739 1746 799 1789 usa
821 1727 953 1807 estiis,
982 1745 1068 1810 quae
1089 1726 1224 1790 saecula
1246 1729 1323 1788 anto
1419 1719 1420 1744 ¹

257 1832 478 1912 paraverant3
500 1846 644 1908 quorum
662 1827 723 1890 illa
743 1842 808 1890 non
831 1811 962 1901 tantuni
980 1819 1148 1898 imitatrix
1169 1827 1231 1892 sod
1252 1845 1320 1890 am-

257 1927 447 2013 plificatrix
469 1933 503 1992 et
524 1929 690 2014 novatrix·
704 1948 778 1992 esse
799 1931 922 1996 voluitx
945 1927 1035 2016 quq'd
1055 1931 1122 1995 nisi
1144 1930 1195 1992 ita
1216 1929 1318 2018 esset,

257 2050 325 2094 non
352 2028 551 2094 haberemus
583 2029 681 2116 liuius
703 2031 815 2111 poesis
837 2032 953 2113 epioae
974 2028 1153 2095 historiam
1174 2030 1245 2094 suis
1267 2049 1322 2106 ae·
1420 2065 1421 2072 κ

244 2130 383 2218 “tatibus
405 2135 439 2196 et
459 2127 613 2195 terminis
634 2129 851 2216 descriptam.
892 2131 942 2192 Et
958 2131 1135 2210 noluerunt
1155 2149 1320 2214 gramma·
1356 2181 1358 2188 .

258 2233 320 2297 tici
342 2253 415 2298 esse
437 2232 496 2296 sed
517 2236 646 2316 poetae.
689 2230 744 2294 Ad
764 2231 963 2295 imitandum
984 2231 1321 2318 veroHomerusiis

260 2355 333 2398 oum
363 2335 440 2398 aliis
466 2335 577 2416 poetis
602 2333 717 2396 multis
746 2352 811 2395 uno
834 2333 1017 2418 eodemque
1038 2334 1114 2396 loco
1137 2339 1229 2412 erat,
1252 2323 1319 2399 nisi

260 2438 348 2521 quod
369 2434 553 2500 Homerica
575 2441 609 2499 et
631 2435 885 2520 admemoriam
907 2435 1135 2520 promtissima
1156 2440 1191 2498 et
1213 2437 1322 2500 omnis

260 2539 467 2622 Graecorum
495 2537 608 2620 poesis
636 2556 698 2619 per
726 2536 860 2601 viscera
888 2537 1078 2626 serpentia,
1109 2537 1210 2601 etiam
1231 2538 1322 2622 ultro
1393 2581 1402 2599 r

258 2637 617 2706 scribentiumstilum
646 2637 801 2710 subibant
828 2639 981 2720 saepius:
1010 2639 1103 2702 velut
1124 2639 1226 2703 hodie
1248 2638 1322 2702 lere

258 2745 317 2826 qui
355 2741 509 2805 scribunt
556 2738 680 2821 idyllia
725 2739 904 2802 Vossianis
943 2739 1099 2804 frustulis
1135 2745 1315 2830 apparant.

261 2845 469 2926 Quamquam
491 2839 715 2904 Alexandrini
746 2831 830 2902 haec
852 2842 925 2930 ipsa
947 2843 1172 2907 declinassent
1193 2842 1321 2917 studio-

209 2987 211 2992 ι
258 2945 339 3024 sius,
361 2945 427 3007 nisi
448 2944 485 3004 in
507 2941 728 3026 antiquiorum
752 2947 925 3024 poetarum
946 2945 1031 3007 locis
1054 2944 1108 3008 vel
1131 2945 1322 3026 exprimen-

259 3047 312 3110 dis
339 3046 394 3107 vel
421 3044 657 3108 adumbrandis
690 3043 897 3130 Graecorum
918 3045 1088 3126 ingenium
1111 3047 1210 3109 etiam
1232 3043 1320 3109 anti-

233 3148 374 3231 ·quitus
394 3144 524 3226 aliquid
544 3145 617 3208 sive
641 3144 815 3208 doetrinae
836 3143 910 3209 sire
931 3147 1114 3226 illecebrae
1136 3139 1320 3232 quaesivisa

167 3301 176 3337 ἶ
258 3245 360 3328 set*)r
409 3244 475 3308 llis
496 3245 674 3309 momentis
695 3251 825 3312 constat
846 3247 960 3342 eorum
980 3249 1144 3317 imitatiot
1176 3253 1322 3314 attamen
1367 3321 1377 3326 p

262 3389 264 3394 t
306 3377 307 3381 ¹
315 3383 318 3392 ι

309 3481 332 3547 ⁴)
349 3481 474 3539 Bo'eelrh.
492 3489 580 3550 tragg.
600 3483 649 3538 Gr.
668 3499 691 3537 e.
710 3475 777 3540 XXr
796 3473 918 3552 -bixt,
937 3487 1067 3543 universe
1084 3473 1247 3556 irospoetas
1263 3487 1321 3540 noti

257 3567 413 3622 ullomodo
440 3567 560 3624 imitatos
583 3584 643 3622 esse
659 3569 808 3621 Homerum
830 3587 910 3646 quqm
927 3573 1005 3628 alios.
1041 3575 1118 3626 llaec
1135 3571 1252 3626 imitatio
1270 3572 1324 3625 du·

114 3653 117 3660 '
165 3687 170 3698 .
256 3654 325 3720 plex
343 3651 397 3720 esi5
423 3668 478 3705 una
496 3655 609 3720 stricta,
637 3669 707 3736 quae
732 3655 810 3708 etiam
837 3656 961 3723 integros
978 3673 1074 3710 versus
1093 3656 1265 3719 transsumitr
1292 3665 1341 3708 nt,
1420 3675 1422 3700 ι

199 3729 223 3774 ’ῑ
247 3739 314 3804 ,alii
337 3734 371 3792 ab
389 3734 526 3805 Homero,
552 3737 594 3790 sic
611 3737 776 3809 Apollonius
793 3756 829 3792 ex
846 3739 962 3794 Eumelo
983 3743 1024 3803 (v.
1044 3733 1188 3814 Weichert
1205 3759 1233 3809 p.
1250 3744 1323 3803 ⁸206.)

256 3834 284 3877 rt
301 3821 395 3877 Latini
412 3831 513 3892 poetae
528 3823 800 3902 *versuernniarros
835 3825 932 3879 Altera
949 3834 1007 3891 est,
1033 3843 1105 3893 quae
1123 3839 1236 3882 acumen
1255 3826 1320 3878 doc·

156 3961 157 3966 ,
257 3908 408 3974 trinamque
436 3907 547 3974 quaerit
571 3907 599 3962 in
618 3907 771 3977 exemplari
788 3909 968 3976 deflectendo,
987 3926 1042 3972 non
1060 3920 1089 3966 ut
1107 3912 1189 3968 lateat
1205 3908 1322 3974 imitatio

259 3993 307 4048 sed
325 3999 353 4050 ut
368 3999 470 4062 petest,
490 3992 572 4062 quale
588 4003 631 4074 est
647 3992 716 4050 illud
733 3993 856 4068 Oppiani
874 3994 935 4062 ξω.
944 3997 1084 4062 ιΓ..11ῖ;·,,
1174 4047 1178 4054 .
1206 4023 1219 4040 ,.
1238 4011 1241 4019 “
