2806 4756
30 347 344 468 am.

237 550 416 642 ψιλοῦεαι,
449 543 521 638 ἠώς,
545 539 614 637 ἤϊα.
663 549 747 618 Inde
775 571 850 624 erre
874 544 1044 640 deicitur,
1072 547 1319 642 discutititur.
1340 559 1345 566 ’

238 655 327 720 Tum
348 655 522 724 conciwiit
540 656 584 720 de
603 645 674 742 ἤϊεν
698 650 791 726 ’ὥστε
812 648 879 736 εἴτε
899 649 935 722 dn
956 657 1016 720 τοῦ
1038 651 1113 742 dioc
1134 657 1319 742 δασυνομέ-

237 777 296 822 νυυ
317 753 404 826 ἐστίν
425 750 491 824 είίε
512 753 548 824 ta
568 758 630 824 νοῦ
648 754 851 848 φιλουμένου
869 748 980 839 μόναις
998 756 1178 842 ψιλωοέσν.
1205 762 1315 845 spon

235 861 337 926 linem
359 859 524 924 medicum
546 879 611 928 nou
639 879 713 926 esso
732 853 959 925 'Aristarchus
986 861 1227 928 observaverat
1255 864 1307 938 (v.

236 985 269 1048 p.
293 964 382 1041 181):
412 981 492 1046 ergo
525 963 585 1046 qui
617 960 778 1026 ducerent
809 961 862 1039 ab}
883 955 998 1028 ἰᾶσθαι
1028 967 1065 1027 ut
1097 963 1220 1028 Crates
1247 951 1306 1028 hi's

236 1065 465 1130 obsistendum
492 1068 584 1132 erata
609 1065 783 1148 'egregiam
812 1061 1003 1138 Herodiaui
1025 1065 1175 1148 regulam
1196 1067 1312 1132 nesci-

235 1168 303 1232 vit:
326 1168 385 1250 qui
407 1185 524 1230 verum
545 1171 683 1249 etymon
703 1183 765 1230 nec
785 1150 863 1249 ipse
881 1165 980 1233 vidit.
1005 1200 1042 1218 -·

299 1268 452 1334 Alterum
473 1271 525 1333 est
545 1257 632 1334 είλετο
653 1260 684 1333 i.¹
700 1286 729 1330 e.
752 1253 852 1347 ἦσαν,
874 1286 941 1332 non
962 1263 1048 1335 εἵατο
1068 1268 1093 1336 i.
1116 1287 1145 1332 e.
1167 1253 1241 1350 ἦνισ
1269 1267 1309 1344 0,

235 1374 312 1451 10.
343 1369 386 1449 Ω,
419 1370 471 1440 83.
519 1391 550 1445 υ,
580 1371 651 1434 106.
705 1367 798 1460 Quid
831 1368 1063 1435 Aristarchum
1090 1372 1236 1434 moverit
1271 1377 1320 1435 ut·
1388 1367 1389 1400 ί

96 1523 102 1540 .
235 1474 289 1539 rel
312 1473 354 1538 ab
376 1464 605 1556 Aristophane
626 1469 847 1550 descisceret,
870 1471 928 1554 qui
951 1472 1117 1554 probabat
1137 1468 1228 1538 εἵατο
1249 1473 1309 1548 (ad

235 1575 278 1650 Ω,
307 1575 364 1656 83)
390 1594 456 1638 σου
483 1574 656 1640 traditum.
706 1571 781 1636 Nec
808 1573 933 1653 probat
960 1573 1068 1636 lenem
1089 1572 1173 1657 spir.
1195 1573 1310 1637 Hero-

234 1675 356 1744 dianus
382 1675 419 1753 0,
443 1680 493 1744 1⁰.
517 1711 555 1724 ·-
578 1675 735 1740 Tertium
757 1679 809 1738 est
830 1670 932 1755 ἄρδει
952 1674 997 1750 Π,
1019 1677 1080 1740 211
1101 1668 1309 1764 ’lpiorupxoc

234 1772 374 1844 δασύνοι.
425 1777 478 1844 δεῖ
497 1773 534 1845 δὲ
553 1778 686 1862 φιλοῦν,
716 1767 762 1852 ὡς
781 1768 988 1856 ἐπεδείξαμεν
1010 1772 1045 1842 δν
1065 1777 1108 1864 τῇ
1128 1778 1168 1841 Λ
1188 1776 1309 1866 ῥαψῳ-

235 1878 292 1970 δίᾳ
312 1884 404 1959 (136)
426 1873 705 1960 διαλαμβάνοντες
724 1874 804 1963 περὶ
823 1878 883 1944 τοῦ
904 1867 1062 1960 ίίρσαντες
1082 1876 1165 1944 κατὰ
1185 1873 1308 1960 θυμόν.

235 1985 287 2048 Εσ
317 1985 392 2047 Ιοοο
420 1981 612 2047 Herodiani
642 1986 723 2046 nota
753 1978 900 2044 excidite
930 1979 1071 2062 legimus
1091 1979 1176 2048 hoca
1199 1980 1309 2058 (ABL

233 2107 278 2151 ex
316 2087 427 2168 Eust.)
458 2079 625 2170 ίίρσανιις.
683 2075 895 2167 Ἀρίσταρχος
926 2074 1066 2174 duodece
1118 2076 1215 2148 ἔνθεν
1246 2075 1309 2168 γάρ

234 2209 317 2274 φησι
337 2181 494 2271 γενονέναι
519 2180 573 2250 καί
594 2181 631 2251 ιδ
655 2177 756 2270 δίρμα.
807 2174 823 2246 δ
848 2179 885 2249 δὲ
901 2174 1108 2269 Ἡρωδιανὸς
1126 2181 1229 2272 ψιλοῖ
1248 2183 1307 2262 (cf.

234 2289 278 2353 ad
307 2291 345 2363 Z,
375 2287 470 2366 348),
499 2285 603 2372 λέγων
624 2279 694 2351 διεδ
715 2289 776 2351 ’τοῦ
798 2277 879 2371 δίρδ,
903 2272 943 2349 οὗ
965 2278 984 2350 δ
1005 2281 1134 2368 μέλλων
1156 2285 1310 2362 αίσλιιιιῦς

233 2381 343 2479 δίρσω·
371 2385 410 2455 οδ
429 2385 471 2455 δὲ
492 2411 516 2454 α
536 2385 591 2454 καὶ
611 2384 691 2456 aab
713 2383 779 2474 πρὸ
801 2389 862 2452 τοῦ
882 2407 903 2474 ρ
925 2377 1004 2452 δ’νια
1026 2379 1140 2474 ἑτέρου
1161 2379 1307 2473 φωνήεν-

232 2497 289 2570 roc
322 2489 564 2580 ἐπιφερομένου
594 2489 758 2574 prindrai
789 2490 889 2574 <quae
917 2491 978 2554 suh
1005 2487 1093 2554 hauc
1121 2491 1308 2574 generaiera

234 2597 385 2679 reguiam
406 2615 473 2659 uon
495 2593 619 2659 cadunt
638 2592 697 2657 hic
720 2594 847 2658 omissa
867 2611 900 2658 v.
923 2592 989 2656 lex.
1013 2594 1097 2677 spir.
1119 2598 1208 2677 post.
1230 2593 1308 2657 Am-

232 2719 320 2762 mon.
343 2720 374 2782 p.
396 2697 484 2777 211).
497 2731 539 2744 -
555 2695 594 2759 ln
617 2689 734 2782 ἑάφθη
755 2696 821 2770 (sic
845 2696 918 2773 Ar.)
939 2694 982 2758 de
1003 2695 1199 2778 spiritunon
1214 2694 1306 2758 vide.-
1387 2769 1388 2772 Ἴ

134 2872 137 2886 .
236 2809 292 2866 tur
313 2802 498 2865 dubitatum
514 2817 596 2872 esse,
620 2799 679 2862 sed
695 2797 737 2862 de
751 2803 876 2882 etymo,
898 2795 1025 2860 Herod.
1042 2799 1085 2872 N,
1097 2800 1172 2865 543.
1194 2797 1305 2860 Duxit
1387 2793 1388 2801 ’

118 2963 121 2968 .
183 2979 187 2993 ι
232 2901 452 2969 Aristarchus
474 2901 515 2964 ab
538 2897 673 2981 ἕπομαι,
697 2920 762 2984 quo
785 2903 877 2963 certe
899 2917 961 2962 nec
982 2894 1187 2964 Buttmanno
1210 2899 1306 2962 inve-

232 3008 308 3070 nire
337 3005 481 3087 contigit
510 3002 737 3088 probabilius,
767 3002 833 3068 lex.
862 2999 1069 3078 11,1ro.-
1095 3000 1182 3066 Item
1205 2993 1308 3080 ἐῶμεν

231 3115 359 3173 certum
389 3112 525 3191 propter
557 3099 633 3170 ἐπεί
662 3097 690 3184 χ’
720 3099 844 3193 δοῖμεν,
876 3101 1007 3168 Herod.
1045 3105 1084 3181 T,
1105 3101 1171 3166 aaa
1200 3099 1242 3180 (i
1264 3103 1306 3176 N,
1387 3129 1388 3182 ;

232 3215 319 3290 315).
344 3245 384 3258 -·
405 3209 482 3273 Nec
504 3208 721 3272 dubitandum
744 3207 786 3272 de
808 3200 853 3282 ίέ,
874 3205 1004 3271 Herod.
1028 3205 1070 3282 Ω,
1095 3202 1307 3270 naa-Nec
1387 3202 1388 3220 ¹

118 3359 120 3368 ‚
232 3305 435 3394 dedprudtrr
466 3329 663 3394 quamquam
685 3307 805 3374 Nicias
834 3313 868 3372 et
889 3305 1091 3390 Pamphilus
1118 3303 1307 3370 maluerunt

231 3413 352 3499 ίίμυδις
383 3420 528 3498 propter
556 3406 644 3494 ἅμα,
678 3411 893 3476 Ptolemaeus
925 3414 961 3473 et
992 3407 1206 3474 Herodianus
1239 3414 1307 3469 tum

218 3522 312 3586 aliis
339 3514 556 3602 argumentis
577 3511 763 3576 defendunt
793 3519 862 3576 tum
885 3511 1100 3576 Herodianus
1120 3507 1188 3592 hoc
1210 3508 1305 3572 ioco:

232 3614 326 3688 πάντ’
351 3611 471 3702 ίίμυδις
492 3617 557 3694 (Μ,
578 3615 665 3694 385),
710 3637 743 3678 v.
766 3613 894 3680 Herod.
917 3614 948 3694 Ι,
971 3615 1002 3678 6.
1015 3605 1153 3698 -ίίδην
1174 3609 1309 3689 (Nicias

232 3745 308 3789 cnm
341 3722 425 3800 leni)
458 3713 592 3788 uidetur
619 3720 720 3800 vulgo
744 3725 916 3801 receptum
938 3716 1063 3797 fuisse,
1094 3713 1197 3777 etiam
1220 3713 1307 3795 apud

232 3827 383 3907 Atticos,
412 3823 543 3888 Herod.
573 3821 612 3896 Ε,
642 3819 716 3886 λθδ.
759 3821 854 3884 Eust.
877 3840 909 3906 p.
934 3817 1006 3899 178,
1028 3819 1081 3884 λθ.
1104 3849 1142 3864 -
1167 3806 1307 3901 ἁθρόος.

233 3930 287 3994 lie
313 3927 380 3992 hoc
406 3931 456 3991 ita
486 3907 639 4009 loquitur
663 3921 880 3988 Herodianus
907 3915 947 3994 Ξ,
979 3919 1022 3988 38
1043 3919 1140 4000 quasi
1162 3936 1238 3982 cum
1261 3918 1307 3980 si-

219 4029 373 4116 -gniricut
405 4030 544 4094 crebros
575 4047 640 4091 non
674 4019 846 4092 scribatur
877 4023 986 4087 aliter.
1036 4019 1193 4086 Formam
1213 4025 1310 4094 certe
