2824 4756
1135 373 1204 441 271

9 563 10 568 ’
131 545 329 633 proferendi
361 546 498 616 occasio
531 550 622 632 erat,
657 545 783 632 partim
814 565 929 624 coram
962 511 1139 632 discipulis
1167 545 1203 616 iu

9 683 13 720 ,ι
128 652 226 734 ludo,
255 650 381 736 partim
408 652 446 716 in
466 647 711 736 rhapsodorum
732 654 767 714 et
787 647 1062 735 philosophorum
1085 649 1202 714 confu-

128 755 367 826 balationibus=
395 759 435 818 ut
463 753 580 842 laerte,
594 752 740 836 cogitari
771 741 1081 836 possit'multurum
1103 773 1203 818 voca·

128 851 284 948 balurum
315 861 474 922 accentus
500 856 597 942 quasi
625 876 687 941 per
715 873 835 938 manus
860 855 1007 920 traditus
1033 856 1203 941 usquead

8 993 11 1030 ‚t
127 957 377 1031 Maiandrinos
409 960 617 1044 pervenisse.
670 957 718 1023 Et
749 957 944 1022 cumidem
972 978 1110 1039 sensus,
1144 959 1203 1042 qui
1248 989 1252 1000 ,

8 1095 11 1136 i
76 1101 78 1106 ·
126 1063 169 1128 ab
190 1063 288 1126 initio
312 1062 459 1146 vocibus,
472 1068 732 1127 suosaccentus
753 1051 981 1146 impertierat
999 1063 1059 1146 qui
1081 1063 1116 1125 in
1130 1063 1205 1148 quia

8 1217 10 1228 ,
126 1164 319 1255 busdamsa
346 1155 462 1248 regula
484 1164 681 1244 defecerat,
722 1165 823 1228 etiam
857 1172 975 1246 postea
1005 1163 1146 1231 valeret
1166 1165 1203 1227 in

110 1265 320 1345 ‘bominibus
342 1266 496 1354 Graecis,
520 1270 561 1346 sd
583 1267 690 1350 magis
711 1264 756 1334 ad
778 1286 894 1354 verum
917 1273 952 1330 et
973 1267 1153 1352 genuinum
1167 1267 1202 1330 in
1241 1251 1249 1260 ’
1276 1269 1279 1274 “

127 1367 191 1432 bac
222 1389 260 1434 re
292 1370 475 1438 inclinasse
507 1369 668 1436 censendi
700 1371 795 1434 sunt:
833 1387 1034 1457 quamquam
1066 1371 1204 1454 poterat
1269 1364 1271 1370 ’

124 1470 268 1548 subinde
298 1470 377 1536 fieri
409 1471 467 1548 (de
488 1467 555 1537 hoc
577 1470 795 1536 iudicandum
817 1475 891 1536 erat
911 1471 1143 1554 grammatico)
1167 1475 1204 1535 ut

34 1595 37 1602 ¹
126 1573 246 1638 turreis
275 1579 389 1640 certae
420 1576 514 1656 genti
542 1574 739 1658 regionique
767 1574 919 1656 propriis
947 1579 1060 1638 animo
1081 1577 1202 1638 obver-

122 1667 282 1738 santibus
303 1675 345 1738 ab
367 1690 418 1750 eo,
442 1675 532 1759 quod
558 1665 698 1760 antiqua
726 1678 760 1738 et
782 1665 974 1740 communis
988 1676 1047 1739 lex
1068 1682 1103 1740 et
1123 1695 1203 1740 con-

126 1776 269 1840 suetudo
293 1776 444 1842 Graecae
465 1777 600 1859 linguae
621 1775 791 1855 suaderet,
813 1773 1045 1856 deflecterent.
1068 1812 1110 1824 -
1133 1778 1204 1841 Cnr

125 1896 208 1940 vero
229 1879 417 1964 antiquitus
440 1863 592 1944 dixerint
615 1870 757 1964 δηϊοτής,
781 1897 842 1960 ego
865 1897 932 1942 non
955 1879 1061 1962 magis
1078 1899 1202 1966 quaero
1324 1892 1325 1903 ¹

127 1997 226 2062 quam
257 2000 318 2044 cur
350 1973 489 2070 ταχυνὴς
515 1985 550 2045 et
570 1973 743 2092 βραδυτής
763 1985 901 2066 praeter
921 1981 1083 2046 similium
1107 1971 1229 2066 regu?

126 2079 195 2144 lam
225 2081 448 2164 invaluerint,
470 2103 534 2148 cur
562 2083 786 2171 Athenienses
815 2084 997 2149 maluerint
1029 2092 1204 2172 praeterea
1289 2159 1294 2166 ,

124 2179 288 2274 τραχυτὴς
308 2193 342 2252 et
363 2177 539 2274 κουφοτὴς.
583 2184 636 2252 bd
658 2206 698 2252 ea
720 2205 806 2271 quae
828 2186 871 2252 de
892 2185 1080 2253 traditione
1102 2193 1137 2252 et
1160 2187 1203 2252 de

124 2305 224 2358 seusu
244 2287 389 2356 ,Graecis
412 2289 516 2363 insito
539 2288 780 2372 diximus,‘l1ic
801 2288 928 2355 addere
941 2308 1090 2370 necesse,
1113 2289 1204 2375 quod

125 2407 205 2454 sune
236 2392 474 2480 memorabile,
491 2389 551 2459 Δἂν
579 2383 774 2480 pincipatus,
803 2384 966 2480 βλήμενος
995 2398 1028 2458 et
1048 2393 1204 2476 plurimis

123 2511 209 2574 ¹quae
238 2492 349 2584 adhuc
377 2494 625 2574 recensuimus,
658 2493 857 2562 Herodiano
891 2493 1083 2583 psistarchi
1105 2511 1203 2582 argu·

123 2601 236 2662 menta
267 2597 380 2665 rideri
409 2599 526 2682 igunto
547 2594 663 2668 luisse.
714 2593 836 2664 Nonne
859 2597 939 2663 iude
961 2596 1045 2660 licet
1067 2595 1204 2661 cunclu-

123 2695 205 2767 dsre
236 2698 320 2776 haec
347 2699 508 2786 pleraque
540 2696 740 2768 Aristarcho
756 2683 802 2763 'et
835 2697 1031 2784 aequalibus
1065 2715 1108 2760 ne
1142 2696 1203 2762 du·
1278 2713 1282 2720 ·

123 2798 280 2865 bitabilia
312 2799 449 2886 quidem
479 2800 606 2882 fuisse,
640 2819 725 2886 quae
759 2805 794 2868 et
823 2799 1033 2886 posteriores
1065 2799 1203 2884 regulas

123 2907 331 2966 scrutatores
351 2910 385 2967 et
400 2923 462 2968 nos
484 2902 586 2971 bodie
611 2887 775 2969 mirantes
787 2903 848 2966 vix
870 2900 1106 2985 assequimur?
1138 2901 1203 2964 Au-

122 2998 263 3068 tendant
283 3003 368 3069 baec
389 3005 629 3088 ingeniosures.
668 3004 908 3069 'Memorabilis
929 3023 986 3068 res
999 3008 1052 3067 est
1074 3006 1108 3066 et
1122 3003 1203 3066 olim

121 3105 268 3169 sortasse
300 3105 381 3170 buic
410 3107 461 3172 rei
488 3107 565 3192 plus
592 3106 680 3171 lucis
707 3106 870 3189 allatura,
904 3125 1005 3192 quam
1032 3125 1119 3174 nunc
1140 3125 1202 3192 per
1257 3181 1260 3190 ¹
1348 3135 1354 3148 ·
1403 3075 1405 3106 ¹

123 3227 187 3298 nos
207 3209 315 3276 licuit.
406 3275 412 3288 ,

122 3370 129 3502 Ι,
160 3372 214 3500 qb.
238 3414 269 3478 6.
298 3412 415 3502 Ι(ὶιιοᾱ
443 3414 543 3484 modo
560 3411 647 3482 'dixi
680 3393 857 3502 quaedam
873 3417 975 3482 certis
1005 3413 1199 3498 regionibus

120 3519 261 3600 propria
288 3515 333 3580 ad
360 3517 606 3584 obscurandum
640 3539 757 3586 verum
790 3523 964 3584 accentum
994 3515 1109 3582 facere
1139 3537 1199 3598 po·

122 3619 239 3706 tuisse,
263 3637 302 3684 eo
324 3638 377 3684 me
400 3619 479 3684 duci
501 3624 615 3704 patiar
636 3619 679 3688 ad
702 3621 927 3705 fragmentum
943 3619 984 3682 ab
1000 3617 1197 3691 Herodiano

122 3728 291 3800 servatum
312 3721 363 3792 M.
386 3722 440 3801 20,
463 3743 528 3808 qno
550 3725 619 3790 alia
641 3723 803 3812 quaedam
825 3725 903 3804 lex,
926 3740 1026 3806 quam
1047 3719 1211 3787 Aristar-t

121 3818 205 3906 clius
237 3826 354 3904 tenuit,
388 3827 611 3910 cognoscitur
638 3827 850 3911 prudensque
882 3825 1085 3888 institutum.
1141 3823 1195 3888 Sc.

104 3923 311 4021 ‹topicarnm
333 3926 556 3994 dialectorurn
579 3931 806 4012 proprietates
828 3926 984 4020 exclusit
1023 3923 1033 4002 J

185 4018 351 4114 Κάρησος.
387 4023 586 4120 Τυραννίων
608 4022 716 4108 ὀξύνει
736 4027 774 4100 τὸ
796 4021 953 4118 Κόρησος
968 4017 1020 4106 ,ὥς
1040 4028 1195 4118 Παρνασ-
