2878 4750
1119 356 1197 447 ιιι.

121 535 266 602 Athenis
298 534 503 618 agitabamus
530 529 639 596 bilare
667 519 820 613 prorsum
849 535 884 592 et
905 527 1054 596 modeste
1076 573 1184 600 ....

121 628 413 708 Conveniebamus
434 640 545 702 autem
572 633 615 696 ad
636 632 771 704 eandem
794 651 931 694 coenam
954 631 1184 718 complusculi,

122 743 184 824 qui
205 739 350 806 Romani
372 740 407 801 in
430 736 607 804 Graeciam
627 743 823 799 ueneramus
845 734 967 816 quique
985 733 1114 798 easdem
1129 753 1187 797 uu·

123 844 272 906 ditiones
294 840 494 923 eosdemque
515 836 672 902 doctores
693 836 891 899 colebamus.
935 835 1022 898 Tum
1037 837 1096 919 qni
1111 855 1201 901 coe-s

122 945 235 1008 nulam
265 941 390 1026 ordine.
409 959 469 1007 suo
496 941 651 1018 curabat,
684 932 865 1020 praemium
888 936 1066 1004 solvendae
1087 955 1189 1020 quae·

123 1044 249 1110 stiouis
276 1043 421 1125 ponebat
447 1040 570 1112 librum
598 1041 725 1120 ueteris
748 1041 924 1123 scriptoris
945 1040 999 1104 vel
1022 1039 1190 1104 Graccum

124 1146 180 1211 vel
205 1145 387 1224 Latinum,
419 1148 453 1208 et
475 1161 631 1207 coronam
654 1162 671 1204 e
693 1141 788 1206 lauro
809 1141 960 1226 plerumq
983 1141 1188 1224 totidemque

125 1267 183 1312 ree
214 1247 393 1331 quaerebat
402 1247 418 1331 ,'
448 1251 529 1329 quot
559 1242 711 1308 homines
739 1245 819 1307 istic
840 1263 989 1326 eramus,
1023 1263 1190 1328 quumque
1249 1247 1252 1254 ’

127 1363 322 1440 eas‘qmnes
343 1354 560 1432 exposuerat,
583 1355 671 1410 rem?
683 1345 1013 1438 locumquadicendi
1033 1365 1108 1411 sors
1131 1347 1189 1410 da-

124 1452 230 1530 bat*).
284 1449 449 1526 Quaestio
482 1449 585 1531 igitur
613 1447 721 1512 soluta
750 1467 875 1513 corona
904 1455 938 1512 et
960 1450 1107 1531 praemio
1130 1449 1189 1512 do-

122 1553 281 1628 nabatur,
308 1571 378 1614 non
401 1551 517 1616 'soluta
548 1555 659 1614 autem
679 1549 926 1612 tramittebatur
947 1550 990 1614 ad
1011 1571 1102 1642 eum,
1132 1549 1191 1632 qui

124 1654 244 1716 sortito
268 1647 489 1716 successerat:
519 1650 620 1734 idque
642 1651 676 1712 in
700 1651 815 1712 orbem
837 1651 913 1714 vice
934 1654 1010 1736 pari
1031 1655 1187 1717 servabas

124 1761 212 1820 tur..
235 1753 274 1818 Si
294 1773 391 1818 uerno
408 1752 614 1820 dissolvebat
629 1757 747 1838 quaes
749 1771 835 1816 ionis
849 1773 922 1817 eius
936 1773 1068 1832 nomen,
1090 1773 1189 1836 prae·
1210 1771 1216 1789 ·
1248 1787 1252 1801 ·

1185 595 1187 599 “
1265 589 1277 624 'l
1395 617 1397 622 .

126 1859 230 1920 mium
264 1856 373 1939 ipsum
405 1859 440 1917 et
472 1873 596 1922 cortona
628 1853 708 1934 deo,
748 1856 842 1918 cuius
874 1853 911 1917 id
943 1853 1065 1920 festum
1098 1860 1190 1936 er,at
1257 1860 1270 1881 ·

126 1958 312 2020 dicabatur.
367 1953 620 2030 Quaerebantur
651 1963 760 2020 autem
791 1975 847 2024 res
878 1955 1088 2038 huiusmodi,
1133 1962 1191 2022 aut

110 2061 279 2126 sententia
306 2068 419 2152 poetae
441 2060 552 2122 veteris
573 2058 673 2139 lepide
695 2057 844 2136 obscura,
873 2063 931 2123 aut
952 2057 1112 2124 historiae
1134 2081 1192 2123 an-

127 2161 295 2278 tiquioris
315 2160 509 2243 requisitio,
542 2166 599 2224 aut
621 2157 750 2224 dec'reti
772 2162 959 2246 cuiuspiam
979 2181 1022 2226 ex
1044 2161 1192 2246 philoso·
1219 2183 1221 2186 ·

125 2247 205 2348 pbia
234 2282 413 2353 perperam
439 2261 603 2344 invulgati
636 2265 806 2348 purgatio,
848 2269 906 2330 aut
939 2264 1121 2346 captionis
1137 2286 1201 2328 so·-

130 2365 295 2449 phisticae
341 2363 496 2439 solutio,
534 2368 592 2428 aut
630 2365 794 2447 inopinati
843 2367 1051 2448 rariorisque
1086 2369 1192 2431 verbi

131 2467 320 2550 indagatio,
357 2472 414 2533 aut
445 2473 574 2549 tempus
610 2465 746 2538 item(i
753 2471 766 2543 >
803 2470 837 2529 ἱιι
877 2469 980 2530 verbo
1012 2470 1192 2550 perspicuo

132 2571 282 2634 obscuris
268 2567 437 2634 simum“.
493 2569 590 2651 Ipsas
622 2571 833 2674 quaestiones
862 2570 935 2651 plus
963 2570 1070 2633 minus
1091 2571 1192 2636 utiles

126 2672 182 2754 qui
212 2691 274 2738 cnr
277 2675 321 2749 it,
354 2672 384 2734 is
411 2668 499 2754 apud
521 2648 705 2752 elegantem
727 2672 966 2734 narratorem
957 2690 1031 2752 ipse
1052 2691 1191 2754 cognos-

28 2785 31 2792 '
119 2779 192 2836 cat
236 2772 304 2835 Sed
325 2791 407 2854 quas
428 2778 578 2836 veterum
601 2777 787 2855 poetarum¹
795 2771 977 2836 sententias
999 2772 1111 2854 lepide
1133 2775 1192 2838 ob·
1212 2795 1240 2856 f,
1290 2762 1299 2792 ⁰

126 2893 258 2960 scuras,
280 2871 390 2956 dixit,
428 2893 472 2939 ex
506 2872 572 2938 hoc
609 2893 730 2956 genere
761 2874 859 2956 plura
890 2873 1071 2938 Homerica
1103 2877 1191 2962 apud
1299 2961 1301 2966 Ι

128 2973 349 3038 Plutarchum
389 2974 636 3060 disceptantur:
668 2994 729 3039 cur
760 2974 931 3040 Nausicaa
962 2997 1029 3040 non
1060 2979 1190 3062 marina

125 3074 185 3140 sed
217 3074 353 3144 fluviali
380 3095 466 3160 aqua
497 3075 651 3142 sordidas
684 3077 755 3140 luat
784 3082 893 3143 vestes
921 3078 963 3156 (l,
996 3080 1028 3162 9,
1053 3081 1107 3160 α),·
1129 3087 1190 3146 cuir

126 3174 276 3242 Achilles
300 3171 477 3266 ζωρότερον
499 3180 619 3263 pocula
639 3179 776 3244 misceri
798 3180 930 3262 iubeat,
961 3183 1051 3269 quod
1073 3184 1189 3252 multis
1265 3207 1269 3218 ⁴

124 3279 253 3345 bibacis
281 3279 389 3344 visum
418 3289 470 3345 est
491 3281 550 3363 (V,
571 3271 638 3363 d)3'
653 3301 714 3345 cur
733 3278 854 3368 μηλέαι
875 3276 1104 3373 ἀγλαόκαρποι
1125 3279 1186 3362 (V,

125 3385 166 3458 8),
201 3399 261 3445 cur
292 3373 373 3459 ἁλὸς
404 3377 514 3448 θείοιο
546 3385 604 3460 (ib.
640 3383 693 3469 lli)
722 3382 869 3467 dixerit,
901 3385 984 3452 baec
1005 3408 1087 3472 prae
1108 3389 1200 3453 aliis·
1261 3413 1263 3416 ·

130 3481 284 3570 epitheta
314 3483 456 3568 eligens3
491 3505 551 3550 cur
582 3506 657 3552 cum
687 3491 740 3550 tot
768 3489 900 3586 liquida
931 3482 1019 3580 apud
1051 3495 1185 3575 poetam

178 3757 204 3820 *l
221 3755 343 3813 Macrob.
367 3757 434 3823 vn,
460 3757 712 3826 nuntiatumque,
738 3757 764 3813 si
780 3758 902 3828 videtur,
921 3737 959 3814 ⁸ut
984 3778 1035 3830 per
1057 3761 1183 3820 ordinem

129 3841 317 3911 unnsquisque
332 3851 471 3912 proponat
488 3857 569 3910 quam
586 3843 742 3898 solvendam
759 3843 883 3899 aestimet
899 3846 1096 3914 quaestionem
1106 3849 1179 3904 Plnt.

127 3922 222 3996 Symp
239 3927 293 3992 lx,
310 3932 349 3994 ἢ.
357 3929 462 3998 lituos
478 3921 542 3982 dl’'
527 3945 604 3988 οντος
620 3927 652 3982 ἐν
667 3932 876 3989 τοῖςΜοοσείοις
900 3927 1011 4004 κλήρους
1035 3935 1217 4010 περιφέρε-

127 4012 192 4062 σθαι
213 4013 259 4082 aul
275 4009 336 4073 τοὺς
353 4008 534 4084 συλλαχόντας
558 4008 681 4092 ἀλλήλοις
705 4007 839 4094 φιλόλογα
865 4010 995 4086 ζητήματα
1020 4023 1179 4094 προτείνειν.
