2858 4754
1099 481 1175 548 --ro

115 610 363 741 »profitebantur
381 648 456 715 viam
485 663 551 712 non
573 613 815 734 conspirarent.
855 647 936 717 Non
956 649 1066 720 minor
1085 653 1175 739 apud

102 757 325 844 *posteriores
356 753 596 842 ¹grammaticos
626 751 821 817 'Herodiani
862 757 1047 822 auctoritas
1077 775 1175 839 quam
1288 767 1291 780 '

120 863 201 932 olim
223 847 410 942 Aristarchi
431 854 551 920 fuerat.
594 854 749 920 Attamen
770 856 850 920 ride
872 847 1176 943 quntyzantini

122 961 315 1046 pedissequi
338 975 575 1042 nonnunquam·
597 958 759 1022 librorum
796 958 925 1042 incerta
951 959 1020 1025 fide
1049 963 1178 1026 lubora-

122 1065 244 1130 uerint.
295 1061 407 1126 Schol.
435 1061 538 1126 Dion.
568 1080 619 1144 gr.
648 1063 715 1150 6⁷6·
742 1061 928 1128 Herodiani
951 1062 1178 1128 definitionem

124 1165 299 1256 prosodiae
329 1165 491 1248 explicat,
525 1165 620 1228 cuius
649 1163 780 1226 initium
808 1171 875 1228 est:
910 1160 1079 1253 προςῳδία
1112 1161 1180 1230 ἐστὶ

123 1265 206 1335 nosci
226 1261 321 1344 τάσις
342 1259 571 1352 ἓγγραιιμάτου
593 1267 703 1352 φωνῆς
724 1259 835 1352 ὖγιοῦς
866 1303 904 1318 -
928 1268 1006 1334 Huc
1027 1289 1182 1353 progres-

124 1389 180 1440 sus
202 1369 451 1454 interpretando
473 1367 583 1433 addit:
619 1359 669 1431 'Er
690 1367 828 1446 πολλοῖς
856 1367 894 1438 δὲ
920 1365 1064 1454 βιβλίοις
1093 1363 1192 1459 cipi!
1264 1397 1266 1408 ·

124 1497 235 1541 σκετοιι
257 1469 313 1538 καὶ
332 1465 437 1558 ὑγιής,
460 1467 514 1535 ἰἰοι
536 1466 622 1557 πρὸς
642 1466 700 1556 τὴν
720 1463 813 1536 τάσιν
835 1464 1048 1562 ἀναφέρηται.
1091 1475 1184 1560 Ergo

125 1579 190 1644 lroc
211 1577 300 1656 dico,
320 1575 482 1659 paulatim
504 1574 558 1636 vel
581 1573 758 1638 scribendo
771 1579 805 1637 et
819 1577 1091 1642 transscribendo
1106 1579 1184 1642 Ari-

127 1679 299 1746 starchea's
329 1678 490 1740 lectiones
522 1675 670 1738 incertas
702 1673 810 1740 saetas
844 1695 927 1745 esso.
980 1679 1061 1743 Fuit
1082 1680 1187 1762 igitur

127 1785 256 1868 aliquot
278 1777 421 1842 saeculis
442 1780 520 1858 post
539 1775 685 1860 perutile
706 1797 791 1860 quae
812 1783 881 1841 tum
898 1783 937 1846 ut
950 1779 1187 1846 Aristarcheae

129 1885 325 1950 serebantur
358 1879 521 1942 lectiones
548 1877 593 1942 ad
612 1876 762 1950 fidorum
785 1889 1070 1948 monumentorum
1091 1903 1188 1967 regu-

129 1989 197 2051 lam
219 1983 365 2066 exigere.
408 1979 595 2046 Praeterea
616 2001 691 2045 cum
713 1981 910 2064 accederet,
938 1988 977 2051 ut
997 2005 1065 2050 ιιοιι
1085 1986 1189 2052 semel

127 2084 344 2156 Aristarchus
375 2083 436 2149 sed
467 2085 519 2147 bis
550 2082 732 2148 Homerum
766 2084 944 2168 edidisset,
984 2086 1051 2152 hoc
1088 2089 1189 2153 etiam
1248 2115 1256 2122 ·

129 2191 272 2280 perutile
299 2187 475 2272 utriusque
494 2183 654 2252 editionis
683 2187 845 2252 lectiones
866 2189 955 2254 inter
976 2210 1012 2256 se
1035 2190 1191 2276 conferre

130 2295 336 2382 singulisque
357 2290 511 2356 versibus
534 2289 707 2373 utriusque
736 2288 896 2355 editionis
917 2292 973 2357 vel
995 2311 1191 2359 consensum

130 2399 184 2464 rel
218 2397 406 2460 dissensum
435 2384 563 2455 notare.
617 2390 684 2454 Sed
716 2400 770 2456 n'e¹
792 2393 843 2456 sic
871 2394 1006 2476 quidem
1027 2399 1133 2461 omnis
1147 2398 1192 2460 *in

130 2505 229 2564 textu
255 2495 438 2560 Homerico
466 2493 508 2557 ab
538 2489 737 2556 Aristarcho
757 2495 867 2578 posita
888 2515 991 2581 opera
1011 2498 1192 2565 illustrata.
1234 2543 1236 2548 -
1332 2555 1343 2564 .

133 2601 222 2667 Nam
254 2620 329 2662 cum
352 2602 427 2682 post
449 2596 587 2659 alteram
610 2594 794 2659 editionem
814 2598 970 2664 emissam
990 2601 1114 2664 multos
1135 2619 1195 2663 aa·
1267 2620 1269 2632 ¹

134 2725 196 2768 nos
217 2705 265 2765 in·
261 2698 465 2764 meditando
488 2703 523 2761 et
544 2696 794 2780 interpretando
816 2698 966 2765 Homero
987 2702 1196 2789 perstitisset

22 2833 24 2840 ·
134 2813 243 2889 atque
263 2805 362 2867 etiam
391 2799 648 2863 commentarios
678 2798 780 2862 edere
801 2808 973 2883 pergeret,
999 2805 1123 2908 partim
1145 2803 1197 2866 di-

133 2906 274 2990 scipulis
299 2923 434 2982 coram,
465 2902 589 2986 partim
619 2901 655 2962 in
684 2902 935 2966 commentariis
966 2909 1100 2969 veteres
1120 2925 1197 2972 suas

134 3011 297 3074 lectiones
325 3007 582 3089 reprobaverat,
611 3003 715 3082 alias,
745 3007 785 3064 ut
812 3001 885 3070 dies
913 3002 1004 3069 diem
1026 3007 1199 3090 docuerat,

136 3113 330 3195 optaverat,
358 3107 574 3177 defenderat,
608 3098 830 3168 stabiliverat.
883 3106 975 3192 Ergo
1004 3107 1070 3175 hoc
1099 3113 1201 3177 etiam

63 3257 66 3264 .
135 3210 293 3300 perutile,
317 3209 517 3273 lectionibus
539 3206 723 3272 editionum
746 3210 958 3293 constitutis,
979 3214 1133 3278 variante
1154 3213 1203 3279 le·

138 3314 251 3379 ctione
280 3328 323 3375 ex
351 3315 491 3393 utraque
521 3316 697 3394 congesta,
731 3310 858 3376 addere
887 3333 932 3378 ex
953 3317 1202 3382 commentariis

136 3423 175 3482 'et
207 3433 263 3478 ex·
280 3408 463 3476 traditione
501 3412 562 3486 (ea
588 3433 670 3477 vero
702 3413 943 3498 discipulorum
977 3420 1115 3502 scriptis
1147 3418 1204 3484 vel
1276 3475 1280 3480 .

141 3519 244 3582 etiam
265 3514 698 3600 memoriacontinebatur)
720 3515 1069 3602 lectionespaulanm
1091 3522 1132 3583 ab
1150 3539 1205 3585 eo·

141 3619 215 3684 dem
238 3617 395 3682 adscitas.
439 3615 528 3680 Tum
550 3616 681 3680 demum
703 3623 795 3682 recte
817 3619 859 3684 de
875 3619 1092 3684 Aristarcheo
1108 3626 1206 3685 textu

137 3719 325 3785 'Homerico
356 3707 551 3783 constabat.¹
590 3719 689 3782 Hanc
715 3725 820 3782 totam
841 3741 940 3806 quam
963 3716 1206 3805 descripsimus
1264 3716 1271 3734 ⁸

142 3843 277 3906 operam
305 3821 452 3905 suscepit
479 3818 686 3903 Didymus
676 3840 712 3882 ιιι
740 3819 827 3888 libro
858 3821 936 3911 περὶ
957 3824 1014 3910 τῆς
1032 3817 1208 3918 ’Apruncul-
1303 3817 1317 3836 '¹

141 3919 232 4005 χείοσ
253 3916 478 4014 διορθώσεως.
522 3922 601 3998 Qua
618 3924 752 3998 ratione
773 3925 839 3990 hoc
859 3926 995 4008 negotio
1008 3926 1239 4022 perfunctus

143 4027 208 4106 sit,
224 4029 302 4108 tum
336 4045 418 4088 vero
442 4025 619 4111 aliquanto
641 4026 728 4109 plus
738 4027 947 4114 praestitisse
968 4048 1048 4092 mox
1059 4030 1208 4129 patebit.

146 4127 221 4210 Ego
249 4127 395 4212 primum
421 4127 609 4236 lectoribus
634 4141 729 4195 eura
738 4149 782 4197 ex
809 4125 953 4215 Didymi
973 4129 1064 4197 libro
1083 4133 1211 4217 propo·

931 4231 996 4298 ιι
