2876 4746
1151 354 1194 424 81

126 524 165 593 in
187 521 395 610 Callimacho
416 521 513 606 tecit,
535 541 568 591 v.
590 522 661 592 seb.
683 517 723 602 Ξ,
744 523 834 609 rm).
888 523 1023 595 Deinde
1042 525 1122 624 binc
1142 525 1195 592 in.
1294 554 1298 558 -
1423 483 1424 488 Ἰ

126 627 329 711 telligimus‚
360 627 404 692 ad
438 626 691 693 Aristarcheam
712 625 900 696 doctrinam
922 631 1039 712 epicos
1060 647 1195 696 cursum

126 749 223 796 suum
252 728 464 812 dirigendum
486 749 559 794 esse
580 749 647 794 non
668 731 850 796 censuisse.
904 729 1063 807 Quodis
1084 749 1194 815 gram·

126 834 264 898 maticis
294 837 329 896 et
360 831 632 916 orthographicis
668 833 768 898 docte
800 833 1024 918 sollerterque
1057 831 1193 900 demon·
1233 835 1237 842 ’

78 967 85 974 -
123 919 251 1000 stravit
280 932 447 998 Gerhard.
474 935 552 998 lect.
579 934 692 1020 Apoll.
724 955 758 1020 p.
781 935 919 1000 91-97.
960 933 1057 1001 Idem
1077 936 1114 1000 in
1134 955 1194 1001 uo·

127 1035 327 1120 cabulorum
348 1032 651 1120 significationibus
673 1043 821 1123 apparet.
851 1036 927 1102 Nec
947 1038 1082 1102 mirum.
1114 1036 1194 1104 Non

125 1141 180 1204 est
208 1138 299 1221 quod
324 1135 410 1204 haec
435 1137 520 1203 istos
549 1139 614 1202 vel
632 1142 807 1222 ignorasse
828 1139 881 1206 vel
902 1139 1111 1222 improbasse
1132 1157 1193 1224 pu·

126 1245 254 1321 temus,
285 1241 358 1306 sed‘
374 1240 575 1306 Homericos
604 1261 677 1305 esse
700 1240 896 1319 noluisse*).
940 1241 1193 1320 Quidcensesl

124 1343 310 1408 nescivisse
338 1342 499 1420 Quintum
522 1343 754 1429 Smyrnaeum,
790 1345 921 1428 equites
942 1350 1129 1427 pugnantes
1150 1346 1192 1410 ab

123 1441 273 1509 Homero
301 1466 369 1509 non
394 1444 533 1510 inducit
581 1447 628 1510 At
654 1448 729 1530 ipse
760 1447 797 1510 in
828 1446 866 1509 id
887 1465 1022 1510 carmen
1041 1446 1190 1529 induxit,

123 1545 216 1630 quod
236 1547 305 1611 nisi
324 1548 465 1611 istorum
486 1567 613 1610 morem
636 1547 835 1630 cognoveris
855 1545 998 1610 Homeri
1011 1548 1191 1632 imaginem

123 1667 205 1732 prae
219 1649 341 1714 ceteris
363 1647 494 1712 reterre
517 1649 781 1730 exspectaveris.
803 1667 835 1713 v.
862 1648 901 1722 Θ,
914 1649 985 1714 186.
1008 1649 1035 1722 Ι,
1058 1650 1089 1714 2.
1111 1652 1133 1712 1
1139 1649 1188 1726 A,

122 1749 202 1815 184.¹
236 1747 291 1815 Cf.
331 1749 480 1832 equitum
520 1753 689 1812 certamen
727 1750 763 1812 in
796 1749 885 1814 ludis
917 1749 1112 1842 funebribus
1143 1752 1187 1832 Δ,
1257 1759 1261 1765 ’
1334 1847 1338 1862 Ι

120 1853 198 1916 sto.
246 1849 446 1916 Nescivisse
477 1847 635 1931 eundem,
668 1849 757 1934 apud
785 1851 968 1916 Homerum
988 1851 1189 1917 ambrosiam

119 1952 234 2016 cibum
266 1971 340 2032 esso
363 1949 511 2016 Deorum
532 1971 599 2016 non
633 1949 768 2038 potum!
829 1951 986 2017 Attamen
1007 1952 1080 2042 ipse
1100 1953 1186 2020 nihil

120 2053 291 2119 dubitavit
311 2055 471 2135 scribere,
493 2055 535 2130 A,·
559 2049 621 2120 139

148 2233 152 2242 .
184 2149 329 2241 Νύμφαι
350 2148 534 2243 ἀμβροσίην
554 2151 726 2243 ἐκέραιοον
746 2151 793 2224 ἐνὶ
811 2153 980 2244 χρυσέοισι
999 2153 1185 2235 κυπέλλοις.

119 2253 382 2344 Trypbiodorus
409 2257 453 2321 ad
478 2258 620 2321 visenda
648 2243 854 2324 Graecorum
877 2265 990 2327 castra
1011 2259 1184 2326 Priamum

118 2379 192 2424 cum
214 2361 401 2426 senioribus
420 2358 506 2424 facit
531 2360 631 2424 mulis
653 2358 747 2437 uehi,
778 2362 839 2427 241

180 2454 213 2525 ολ
234 2459 271 2528 δὲ
290 2461 379 2550 θοῇς
400 2453 524 2548 οὐρῆας
543 2452 781 2540 ὖποζὲὺξανιες
802 2457 945 2548 ἀπήναις

181 2557 217 2628 ἔκ
238 2556 359 2642 πόλιος
379 2559 572 2644 κατέβαινον
592 2556 663 2645 ἅμα
683 2557 828 2652 Πριάμῳ
847 2565 987 2648 βασιλῆϊ

179 2654 277 2730 ἄλλοι
298 2662 544 2754 δημογέροντες.
577 2655 580 2662 ’
649 2654 654 2674 ’
924 2719 925 2722 ,

115 2761 184 2830 Sed
216 2766 306 2852 apud
334 2767 518 2834 Homerrun
543 2767 643 2834 mulis
671 2785 776 2832 curru
806 2767 933 2832 iuuetis
954 2787 1020 2829 non
1043 2770 1182 2831 utuntur

115 2861 181 2931 u'isi
204 2869 248 2933 ad
268 2866 422 2933 relleuda
443 2887 557 2936 onera.
602 2867 703 2948 Quod
717 2865 997 2953 Tryphiodorum
1011 2869 1182 2952 ignorasse

117 2989 158 3033 eo
181 2969 290 3034 minus
312 2971 450 3037 credere
472 2970 585 3052 decet,
607 2991 682 3034 cum
704 2969 747 3034 de
768 2968 907 3034 Priamo
929 2969 1084 3036 vehiculo
1100 2971 1181 3038 urbe

114 3086 251 3154 egresso
282 3063 437 3137 scribens
463 3092 531 3136 non
559 3075 674 3156 posset
702 3089 767 3134 non
796 3071 987 3138 meminisse
1016 3071 1181 3138 simillimi

114 3169 183 3236 loci
211 3167 390 3238 Homerici
413 3173 462 3250 Ω,
491 3175 566 3254 324,
595 3192 661 3257 quo
683 3167 760 3255 ipso
782 3171 858 3238 loco
880 3173 1055 3240 Priamum
1076 3192 1180 3260 equos

113 3291 214 3357 agere
239 3271 411 3358 videmus,
440 3275 592 3360 plaustro
625 3280 763 3357 contra,
793 3295 859 3360 quo
882 3277 969 3342 dona
992 3281 1178 3362 portantur,

113 3375 311 3441 subiunctus
332 3376 451 3440 mulos.
495 3375 564 3441 Sed
584 3374 846 3462 Tryphiodorus
866 3378 1179 3464 posterioris„imo
1295 3465 1301 3476 ι
1360 3345 1365 3358 ⁸

112 3477 165 3539 sui
187 3477 263 3543 aevi
287 3497 414 3543 morem
436 3479 614 3562 expressit.
656 3479 703 3555 (v.
727 3477 883 3547 Sobeffer
903 3501 933 3546 o.
954 3480 1083 3557 wll).
1111 3479 1178 3554 Ae·

100 3577 214 3644 'tatem
242 3580 378 3666 quidem
405 3597 500 3647 suam
525 3581 579 3646 illi
609 3584 700 3669 epici
725 3587 795 3650 tam
822 3603 890 3652 uon
911 3582 1177 3659 dissimularunt,

160 3833 187 3896 ‘i
214 3831 258 3888 lle
283 3834 536 3892 Alexandriuomm
571 3834 723 3894 inritatione
747 3833 862 3894 llorueri
892 3843 1013 3906 praeter·
1037 3827 1188 3890 Naelrium-

110 3913 210 3972 Cboer.
228 3919 309 3990 lllll.
319 3921 402 3988 'IX.·‚
419 3922 595 3979 (lethardum
611 3922 675 3978 lect
693 3922 788 3995 Apoll.
807 3940 832 3980 c.
848 3922 906 3990 VI,
930 3919 1123 3978 waltbertum
1139 3918 1176 3976 de

108 4001 259 4074 Apollonio
285 4023 312 4076 p.
336 4010 390 4092 37.ι
405 4023 495 4081 nuper
510 4007 584 4066 dixit
600 4007 698 4086 hurbe
717 4023 793 4079 sper.
809 4015 915 4080 quum·
932 4005 993 4062 tfil
1011 4007 1135 4092 M„
1246 4087 1249 4096 ,

803 4183 807 4208 Ι
902 4095 925 4162 6
