2824 4756
237 315 302 379 m
355 301 358 310 .

151 508 154 515 ·
239 501 339 568 quarn
361 501 406 545 ex
436 479 635 563 fragmentis
665 493 862 562 quamquam
889 473 979 542 baud
1007 478 1122 543 multis
1156 479 1241 544 satis
1263 485 1313 545 ta·

234 601 314 654 men
346 583 538 664 intelligere
566 581 665 662 licet,
695 601 758 646 nec
786 582 853 644 iam
876 599 962 662 opus
981 582 1048 644 erit
1069 587 1108 646 ut
1129 583 1313 668 quidquam

237 687 540 751 commendationis
561 704 662 748 causa
673 682 844 746 addamus.
875 683 1025 746 Eandem
1038 685 1128 764 riam
1141 687 1314 766 ingressus

161 795 165 838 ῑ
236 796 328 854 esset
348 785 606 866 Eratosthenes,
629 787 694 848 nisi
717 784 775 848 hic
796 787 830 848 in
852 785 1088 868 geographicis
1104 787 1313 850 subtitisset:

235 889 503 974 chorographica
530 891 597 952 ndu
627 894 823 971 persecutus
852 891 937 950 est.⁴
968 887 1048 950 Huc
1075 907 1137 950 cur
1154 889 1311 952 ‘credere

234 1011 372 1058 necesse
402 994 467 1073 sit,
500 990 591 1054 infra
620 1007 841 1072 exponemus,
873 987 931 1051 ubi
953 989 995 1052 de
1015 988 1113 1052 Ulixi
1136 991 1312 1054 erroribus

233 1089 340 1176 perba
371 1095 546 1160 faciemus,
603 1093 655 1156 Ab
689 1090 890 1156 Aristarcho
920 1092 1129 1176 aliquantum
1161 1091 1311 1176 profecit

234 1197 430 1284 Demetrius
466 1195 642 1278 Scepsius,
676 1195 786 1258 omnia
819 1192 1064 1276 Apollodorus,
1098 1199 1133 1256 et
1165 1195 1211 1261 ab
1240 1193 1309 1258 hoc

121 1353 125 1361 .
233 1305 378 1381 utroque
406 1297 510 1362 fluxit
538 1295 705 1379 quidquid
732 1296 768 1356 in
791 1293 844 1357 his
867 1297 966 1358 rebus
990 1295 1113 1358 Strabo
1135 1297 1252 1359 sobrie
1278 1303 1310 1360 et

234 1417 316 1461 sano
337 1398 467 1462 iudicio
489 1403 526 1461 ut
537 1397 736 1462 satisfacere
748 1397 1064 1482 possitdisputevit.
1111 1395 1149 1460 Si
1172 1399 1252 1481 quis
1267 1399 1307 1462 de

235 1499 411 1564 Strabonis
425 1500 574 1564 lontibus
590 1499 828 1583 disputans'ita
843 1500 962 1562 scribit
989 1505 1029 1560 ut
1041 1500 1179 1560 intentis
1202 1502 1308 1564 oculis

235 1603 424 1686 speculanti
445 1603 549 1670 semel
572 1603 626 1666 vel
650 1603 702 1665 bis
725 1601 925 1686 Apollodori
948 1620 1068 1666 nornen
1085 1589 1258 1682 occurrat,
1281 1605 1308 1666 is

240 1706 381 1782 multum
395 1699 498 1772 'abest
520 1711 558 1770 ut
579 1705 669 1770 hunc
690 1705 802 1791 locum
826 1699 1072 1778 ‘ex-hauseritt).
1120 1735 1160 1761 ,-

700 1890 752 1972 ἑ·
786 1893 817 1956 4·

374 2133 377 2140 ,
491 2060 493 2064 ’
561 2045 621 2118 De
649 2043 752 2120 Ulixi
787 2044 982 2118 erroribus.

247 2185 250 2190 ¹
299 2209 413 2276 Schol.
437 2233 462 2286 e,
484 2213 526 2276 55
547 2207 634 2297 πρὸς
654 2206 695 2274 τὰ
716 2206 793 2294 περὶ
814 2211 872 2294 τῆς
892 2205 1021 2298 πλάνης
1042 2203 1095 2274 ὅτι
1107 2203 1229 2298 ,πόῤῥω
1245 2233 1308 2274 που

235 2311 270 2380 ἐν
292 2310 577 2392 ἐκτετοπισμένοις
597 2305 915 2400 τόποιςάορίστοις.
961 2313 1034 2379 Cet.
1086 2312 1257 2378 Similiter
1276 2335 1303 2387 κ,

124 2491 125 2496 1
236 2417 314 2485 19⁰:
353 2415 381 2490 d,
401 2417 477 2480 556.
524 2412 549 2493 ζ,
571 2416 654 2479 ror,

299 2519 399 2582 Italia
414 2515 571 2592 ,inferior
601 2523 633 2580 et
655 2517 828 2582 interioris
850 2518 955 2580 maris
976 2537 1054 2602 pars
1077 2515 1238 2580 adiacens
1259 2537 1307 2580 re-

240 2621 332 2708 pleta
364 2623 438 2683 erat
466 2620 688 2682 monumentis
718 2620 844 2683 erroris
866 2620 995 2696 Ulixi„
1027 2620 1082 2682 Ibi
1114 2611 1306 2682 eratEn'uil-

231 2721 345 2797 lawr,
367 2717 546 2806 Κίρκαιον,
579 2713 712 2806 Αἰόλου
733 2720 847 2803 νῆσος,
880 2721 1108 2807 Σειρηνοῧσαι,
1119 2727 1153 2786 et
1175 2723 1243 2784 alia
1264 2722 1307 2784 si-

232 2825 341 2887 milia.
397 2823 549 2899 Quorum
571 2823 740 2885 nominum
761 2822 928 2904 originem
949 2809 1051 2888 facile
1074 2823 1304 2904 intelligimus.

236 2923 375 2988 Scilicet
404 2945 478 2992 curn
506 2925 713 2989 occidentem
746 2943 863 2988 versus
885 2924 1019 2987 Ulixem
1032 2943 1163 2989 errasse
1177 2945 1221 2988 ex
1237 2927 1307 2988 c'ar-
1339 2953 1347 2976 ι

236 3027 383 3091 minibus
404 3026 547 3089 Homeri
568 3028 651 3110 satis
674 3027 828 3106 eluceret,
850 3032 1026 3108 postquam
1048 3026 1130 3100 illae
1152 3027 1306 3108 regiones

289 3280 315 3341 *)
334 3277 395 3331 Νοη
414 3275 491 3344 potui
509 3275 678 3334 mentionem
692 3278 782 3332 lacere
801 3277 828 3330 in
855 3278 908 3331 hae
933 3276 1120 3347 disputatione
1137 3279 1307 3348 Polemonis.

235 3365 306 3420 Nam
323 3361 354 3415 in
370 3357 528 3434 περιηγήσει
550 3360 628 3414 Ἰλίου
646 3363 760 3424 (Suid.)
786 3378 819 3414 an
846 3363 881 3414 de
909 3362 1055 3416 Homerica
1073 3347 1163 3417 aetate
1181 3366 1308 3433 pluribus

235 3447 340 3503 dixerit
367 3459 395 3501 et
419 3446 581 3514 quo-modo
607 3463 662 3498 non
681 3453 794 3500 constat.
829 3446 940 3500 Troiam
974 3449 1089 3502 Homeri
1117 3465 1171 3503 non
1192 3467 1235 3515 ec,
1253 3467 1307 3516 quo

235 3533 377 3607 posterior
393 3541 471 3600 erat,
497 3530 685 3594 incoluisse,
705 3531 825 3598 simplici
852 3523 1118 3586 ne‘e'eontemnendo
1136 3544 1306 3601 argumento,

236 3635 273 3692 ea
291 3617 347 3690 loci
364 3629 460 3672 natura
478 3615 577 3685 petito,
596 3617 733 3686 suspicata
750 3623 809 3669 erat
823 3617 957 3670 Hestiaea
974 3615 1167 3670 Alexandrina
1185 3619 1215 3672 iu
1233 3619 1306 3670 libro

195 3721 199 3730 ⁴
236 3705 301 3776 περὶ
315 3699 430 3778 Ὀμήρου
445 3697 563 3761 Ἰλιάδος.
598 3702 864 3756 Commemoruverat
881 3695 941 3758 earn
959 3701 1116 3756 Demetrius
1131 3701 1235 3770 (Strab.
1246 3706 1307 3760 599.

134 3831 135 3836 ,
236 3788 372 3849 thll).
408 3789 504 3852 Hune,
522 3787 569 3854 qui
584 3787 645 3856 ipse
662 3788 730 3842 haec
748 3788 810 3841 loca
827 3787 917 3858 patria
934 3787 989 3840 eibi
1007 3785 1309 3848 lustraverat,'inteni-

238 3887 300 3926 mus
328 3873 504 3941 grammatica
530 3883 558 3925 et
583 3871 758 3925 Aristarebea
775 3870 922 3941 diligentia
949 3885 986 3926 ex
1005 3870 1121 3926 llomeri
1140 3871 1309 3926 carminibus

239 3957 333 4012 omnia
350 3957 392 4013 rei
409 3967 569 4024 argumenta
586 3957 756 4026 conponam
816 3969 819 3976 ’
