2858 4754
233 415 269 462 Vl

232 564 343 626 torum
360 541 426 626 'nen
447 559 599 626 nummis.
663 557 782 624 Altera
804 577 904 624 causa
925 577 946 624 a
966 558 1105 624 materia
1118 557 1295 642 repetituri
1418 544 1419 556 ’

179 715 184 722 =
212 661 308 746 'narn
329 680 464 765 „proba
485 684 535 744 est
555 675 734 742 materia“.
788 677 874 754 Quis
895 683 947 744 est
968 673 1056 746 enim
1075 676 1176 762 paulo
1198 677 1315 741 intel-⁴

232 799 390 880 ligentior
417 797 622 884 philologiae
651 795 776 862 artifex
796 797 832 860 in
853 799 958 863 certis
980 785 1297 891 quibusdam'huius

9 983 12 990 Δ
107 934 108 938 ’
234 917 433 1002 disciplinae
453 916 607 1000 partibus
628 921 808 1002 occupatus
829 918 909 1001 quin
930 935 1047 982 secure
1068 902 1296 982 machinantes
1419 910 1420 951 ³

233 1037 418 1102 demiratus
443 1033 795 1120 Nepheloeoecygiam
825 1036 910 1099 strui
941 1036 1140 1119 imaginetur
1161 1035 1296 1118 suisque

233 1173 368 1240 pressus
398 1155 561 1238 angustiis
593 1153 810 1219 fundamenta
837 1155 972 1236 curari,
1001 1151 1210 1226 firmamenta
1239 1173 1297 1218 an·
1418 1165 1420 1178 ¹

130 1283 138 1300 '
178 1268 181 1275 ’
219 1274 324 1359 ,quiri
355 1271 551 1359 perveliti
572 1273 618 1338 At
650 1291 767 1358 parum
799 1277 850 1338 est
880 1280 919 1336 ut
949 1274 1055 1357 proba
1086 1261 1226 1336 nunteria
1253 1272 1298 1365 sit
1348 1319 1352 1334 .

235 1395 327 1476 „nisi
358 1393 497 1476 probum
529 1390 687 1458 adhibeas
716 1388 883 1458 fabrum“.
944 1390 1024 1458 Non
1050 1394 1161 1475 potest
1181 1355 1298 1456 auctet
1328 1451 1332 1458 .

234 1511 277 1576 de
308 1512 442 1578 fabrica
472 1530 532 1576 sua
558 1472 717 1595 gloriari
749 1511 816 1575 imo
844 1531 945 1595 saepe
972 1511 1050 1576 dum
1077 1508 1160 1576 haee
1179 1511 1298 1576 scribit

79 1701 82 1708 ,
159 1639 161 1642 ’
233 1631 322 1714 apud
343 1631 487 1696 animum
509 1650 604 1695 suum
625 1629 791 1714 cogitavit
811 1651 909 1716 quarn
924 1630 1067 1696 eximios
1081 1650 1124 1694 ex
1137 1627 1301 1696 eiusmodi
1421 1657 1422 1712 3

235 1769 338 1833 opera
358 1749 489 1822 fructus
511 1747 575 1824 hae
596 1749 733 1814 litterae
754 1751 929 1834 percipere
949 1751 1147 1834 potuissent,
1170 1749 1200 1811 si
1223 1747 1300 1830 quis

234 1871 278 1934 ad
307 1890 379 1934 eam
411 1888 586 1952 aggressus
608 1845 698 1934 esset
713 1870 715 1874 ’
729 1872 763 1932 et
793 1837 956 1934 varietate
976 1831 1096 1933 ¹reruni
1117 1873 1152 1934 et
1174 1864 1300 1949 ingenii

234 1989 410 2051 eeleritate
431 1987 638 2050 instructior.
676 1985 787 2049 'Nunc
808 1987 882 2068 ipse
903 1987 1022 2050 intimo
1042 1989 1144 2051 sentit
1165 1990 1300 2069 pectore
1378 1997 1387 2018 ‘

54 2199 61 2212 ⁸
234 2126 297 2170 nee
319 2105 385 2168 erit
405 2105 464 2188 qui
485 2103 651 2186 intelligat
672 2103 807 2183 melius,
837 2107 878 2168 ab
899 2093 1018 2168 ultiina
1038 2109 1126 2169 meta
1147 2122 1245 2186 quam
1266 2105 1301 2164 et
1404 2119 1407 2124 ·

97 2299 106 2318 Ι
235 2226 402 2309 possimus
434 2228 470 2288 et
501 2223 680 2290 debeamus
708 2225 887 2306 attingere⁴
902 2241 1000 2306 quam
1020 2223 1119 2306 longo
1141 2221 1302 2286 distemus

201 2359 205 2366 ’
233 2341 426 2411 intervalla.
469 2341 537 2408 Sed
558 2347 754 2427 prospectus
780 2343 813 2408 si
834 2341 1010 2439 displicet,
1043 2341 1201 2426 respicite
1223 2359 1303 2423 pau·

236 2463 357 2530 lulurnt
390 2463 434 2527 ad
463 2482 542 2550 euru¹
558 2462 668 2527 iocum
682 2465 863 2546 'quousque
882 2460 1013 2527 Wolfio
1034 2461 1210 2526 decursum
1232 2461 1305 2522 erat
1423 2461 1424 2472 ³

234 2579 411 2647 reflectite
427 2559 564 2648 ocultist
593 2581 660 2646 ianr
683 2599 790 2665 neque
811 2586 845 2646 et
867 2579 1009 2646 ‘candide
1029 2578 1306 2665 proloquiminnr,

237 2701 330 2786 quad
356 2719 446 2766 nune
467 2699 658 2767 consectum
680 2704 732 2765 est
754 2700 856 2783 spatii
884 2705 955 2764 tam·
975 2701 1130 2782 exiguum
1151 2695 1307 2762 uideatur

237 2829 275 2885 ut
306 2819 435 2888 frustra
465 2817 523 2884 hie
554 2822 675 2884 auctor
707 2819 880 2884 laborasse
906 2817 1092 2884 censendus
1112 2817 1168 2881 sit.
1213 2813 1309 2890 Quae

238 2959 320 3004 vero
348 2939 491 3023 singuiis
519 2933 718 3023 quibusdam
739 2937 826 3002 loeis
846 2944 1001 3022 peecata,
1024 2937 1188 3020 neglecta,
1210 2951 1309 3018 squa-

241 3057 313 3129 lida
332 3065 574 3139 remanserunt,
597 3076 682 3142 quae
702 3057 813 3123 minus
832 3053 1068 3140 multajforent
1088 3054 1155 3122 nisi
1178 3052 1310 3144 publice

241 3175 427 3261 prodeundi
457 3179 490 3239 et
518 3175 846 3263 Aristarchomerum
876 3174 1061 3256 exornandi
1087 3194 1165 3240 sero
1196 3175 1311 3238 subor-
1399 3235 1403 3244 ,

241 3303 310 3360 tum
332 3295 511 3360 consilium
534 3301 637 3369 esset,

263 3459 266 3464 -
327 3404 496 3500 ἀλλ’,ἥτσι
516 3410 576 3496 μὲν
596 3414 700 3480 ταῦτα
721 3407 1028 3502 μεταφρασόμεσθα
1048 3409 1105 3482 καὶ
1125 3400 1231 3489 αὖτις.

324 3531 382 3601 ,νῦν
403 3523 433 3598 δ’
457 3567 495 3582 -

455 3642 515 3738 ὅγε
535 3652 597 3739 νῆα
617 3648 773 3746 μέλαιναν
794 3643 971 3738 ἐρύσσομεν
993 3645 1039 3727 εἰς
1059 3643 1123 3714 ἅλα
1146 3647 1228 3714 δῖαν.
1285 3681 1291 3690 ·
