2878 4750
238 309 305 382 141

155 499 158 505 ’
238 474 335 563 a'clror)
360 471 382 568 ἦ
409 475 513 566 διπλῆ
541 472 595 544 ὅτι
621 479 768 555 τοπικῶς
788 470 860 543 olori
880 479 940 564 τῆς
961 450 1166 566 montane.
1211 476 1311 568 θέλει

239 581 304 672 γὰρ
334 577 438 672 εἰπεῖν
469 575 516 658 εἷς
536 571 648 644 Ἴλιον.
678 581 733 644 Cf.
762 580 805 644 ad
835 581 906 644 184.
936 582 1077 657 199.·Α,
1101 587 1152 647 71.
1197 579 1310 646 Semel

238 685 328 772 apud
349 685 532 756 Homerum
554 703 628 746 cum
652 684 802 765 genitivo
825 686 1039 747 coniunctum
1053 687 1088 747 in
1104 686 1250 749 Veneris
1272 693 1309 750 ct

130 811 133 819 ¹
239 788 365 854 Martis
376 787 544 851 amoribus
557 789 595 865 3,
606 777 698 849 2905
712 776 740 847 δ’
753 778 832 848 εἵσω
843 777 994 868 δώματος
1002 775 1065 872 ᾔει.
1078 786 1113 850 Ν
1114 787 1310 869 itaschium‚

240 893 299 976 qui
327 890 414 958 hano
445 888 644 972 particulam
671 885 879 951 subdititiam
902 887 1049 968 iudicat,
1072 887 1138 952 hoc
1159 911 1305 960 moinon-

200 1039 202 1042 -
238 1001 311 1058 tum
339 991 438 1075 fugit.
491 988 692 1054 Aristarcho
722 993 843 1058 vellem
871 991 961 1055 scire
991 993 1078 1054 sitne
1107 992 1189 1056 item
1221 989 1308 1056 haec

236 1095 453 1160 contiuncula
482 1093 638 1156 damnata
665 1113 716 1156 an
733 1113 788 1158 res
818 1093 957 1156 lectoris
979 1093 1106 1156 iudicio
1129 1096 1306 1176 permissa,

237 1196 398 1261 haesere
421 1196 564 1275 ratione,
587 1215 686 1279 quam
709 1214 942 1278 nonnunquam
964 1195 1179 1258 offendimus:
1210 1189 1305 1280 ἥδι-

241 1297 311 1382 nti}
332 1293 385 1362 du
408 1297 463 1360 νῦν
485 1291 579 1372 ἅπαξ
598 1292 636 1362 τὸ
659 1291 738 1360 ἐἴσω
760 1293 817 1362 ἐπὶ
837 1297 970 1381 γενικῆς.
985 1331 1026 1344 -
1041 1296 1307 1361 Recentioribus
1349 1297 1353 1304 ’

237 1403 343 1484 epicis
366 1403 523 1464 consueta
545 1397 629 1461 haec
651 1401 867 1464 constructio.
901 1400 1056 1482 Apollon.
1080 1399 1109 1478 l,
1131 1401 1205 1464 357.
1227 1401 1304 1468 372.

237 1487 310 1581 390.
360 1502 410 1581 ΙΙ,
432 1504 485 1566 74.
508 1502 558 1566 95.
582 1503 643 1566 136
664 1498 841 1584 (κέδασθεν
863 1495 941 1564 εἴσω
965 1496 1146 1586 Βεβρυκίης
1160 1494 1315 1582 Ἀμύκου.

236 1599 342 1692 μόρον
369 1595 597 1688 ἀγγελέοντες).
624 1603 698 1684 576.
751 1603 818 1676 111,
840 1601 913 1669 311.
957 1601 1045 1686 Opp.
1069 1601 1146 1667 Hal.
1170 1606 1206 1677 Γ,
1230 1603 1303 1668 389.

237 1709 278 1784 Δ,
313 1711 383 1771 111.
416 1707 488 1772 399.
541 1706 579 1781 Ε,
611 1707 673 1774 539
694 1706 739 1778 (c.
763 1725 833 1768 acc.
863 1707 904 1779 A,
935 1706 1004 1769 169.
1027 1706 1099 1770 389.
1153 1705 1192 1785 Ε,
1217 1708 1302 1783 165).

236 1811 354 1888 Quint.
382 1811 423 1886 A,
437 1811 522 1889 '172
571 1808 682 1872 Noun.
711 1803 756 1885 V,
780 1809 949 1872 244314.
994 1805 1062 1870 Sed
1083 1843 1124 1856 -
1146 1827 1222 1871 cum
1244 1808 1302 1873 da-

236 1916 310 1978 tivo
339 1919 390 1976 est
419 1911 564 1994 Oppian.
599 1911 678 1972 Hal·
699 1911 763 1974 737
784 1907 846 1973 ἴσω
868 1901 1058 1992 λαγόνεσσιν
1078 1903 1200 1973 ἔδεκτο.
1245 1911 1304 1974 Sic

237 2012 571 2080 enim·Sehneiderus
600 2031 644 2075 ex
666 2011 762 2073 bonis
784 2013 1006 2074 monumentis
1029 2011 1135 2074 edidit
1158 2032 1219 2095 pro
1243 2007 1300 2088 ἔνι’,

235 2117 326 2204 quod
355 2114 507 2197 equidem
535 2133 602 2176 non
630 2112 746 2176 dubito
775 2115 856 2196 quin
886 2121 977 2176 recte
1005 2111 1137 2180 fecerit.
1180 2109 1300 2201 Λαγό-

175 2257 177 2260 -
235 2237 343 2286 aarum
364 2237 408 2284 ex
430 2219 601 2301 epicorum
621 2234 713 2280 more
735 2216 797 2299 „iu
818 2211 948 2282 utero-“.
998 2217 1009 2278 .’

682 2418 850 2436 m

586 2592 754 2683 ,Φένν
795 2585 907 2680 ’Άννν
968 2623 970 2629 ·
1056 2629 1058 2636 v

296 2695 397 2763 Hunc
418 2696 527 2762 locum
548 2717 615 2762 non
637 2701 775 2763 extrico.
820 2702 864 2772 N,
886 2699 948 2764 213
969 2689 989 2784 ἢ
1012 2687 1114 2784 διπλῆ
1136 2693 1189 2763 ὅτι
1218 2694 1297 2761 ἔνει-

233 2821 294 2866 καν
325 2796 450 2888 εἴρηκεν
481 2793 526 2878 ὡς
555 2791 800 2890 βασταζομένον
832 2801 887 2874 (da
928 2799 1091 2865 Diomede
1123 2802 1298 2866 uulnerato

233 2922 345 2968 sermo
368 2908 431 2980 est)
453 2899 508 2968 διὰ
530 2899 568 2968 τὸ
590 2904 730 2991 τραῦμα.
781 2901 872 2968 Hinc
893 2905 1044 2987 intelligo
1065 2903 1130 2968 hoc
1151 2903 1298 2968 voluisse

194 3005 200 3010 “
232 3004 398 3070 interesse
418 3007 508 3070 inter
529 3002 621 3092 φέρω
643 3015 676 3069 et
697 2998 776 3090 ὂῖγω,
800 3013 836 3070 ut
858 3003 972 3094 φέρειν
993 2998 1142 3072 dicamus
1163 3008 1193 3070 si
1214 3004 1297 3090 quid
1347 3056 1351 3064 .

161 3110 163 3116 ’
229 3105 301 3189 'ipsi
322 3104 469 3170 humeris
490 3108 546 3171 vel
567 3110 720 3173 manibus
736 3109 866 3181 ¹nostris
888 3106 1036 3184 ferimus,
1060 3115 1178 3172 contra
1197 3098 1296 3192 dyeia.

233 3205 335 3285 Quod
361 3209 597 3273 benedictum
624 3217 658 3275 et
685 3212 781 3294 longe
809 3213 924 3276 uerius
945 3231 1042 3295 quam
1064 3211 1099 3287 id
1123 3211 1214 3295 quod
1236 3211 1296 3273 de·
1426 3291 1427 3300 ἒ

232 3309 313 3375 iude
333 3310 486 3396 plerique
508 3314 610 3376 secuti
632 3311 789 3376 videntur
809 3313 967 3388 (obruunt
993 3313 1059 3377 luoc
1086 3313 1297 3376 inculcantes

231 3411 455 3497 grammatici)
476 3416 656 3479 animantia
676 3416 766 3495 duci,
789 3416 1005 3480 inanimantia
1025 3416 1148 3493 terri*)
1189 3414 1296 3491 Quasi
1425 3471 1426 3480 ,

232 3517 293 3600 qui
328 3515 496 3582 vehiculis
523 3525 556 3581 et
584 3516 722 3582 feretris
749 3523 923 3600 argentum
951 3518 1173 3612 praedamque
1201 3517 1296 3580 ducit
1334 3551 1336 3558 ι
1425 3503 1426 3530 ’

232 3637 299 3684 non
327 3617 441 3683 dicere
461 3620 569 3704 possit
592 3615 712 3707 χρυσὸν
743 3609 813 3705 dyo
841 3626 877 3684 et
905 3617 1040 3684 similia.
1083 3620 1175 3684 Hinc
1195 3618 1295 3684 intel·

232 3769 458 3787 *-

282 3872 405 3936 *),Ηιιηο
429 3889 560 3928 canonem
588 3872 700 3943 migrari
726 3857 816 3929 uiuitis
842 3883 985 3946 poetarum
999 3874 1147 3956 'exemplis
1174 3874 1295 3930 ostendit
1317 3901 1319 3908 ν
1347 3849 1349 3856 Ι

233 3953 370 4014 scindet
386 3959 422 4014 ed
438 3959 509 4016 nius.
526 3977 553 4031 p.
572 3963 631 4019 118.
667 3959 747 4016 Quod
764 3960 815 4015 vix
832 3975 934 4032 operae
952 3959 1070 4029 pretium
1087 3968 1156 4018 erat.
1208 4005 1209 4012 ,
1271 3982 1274 3991 ⁴
