2858 4754
239 379 282 448 3⁰
412 411 423 457 s

233 545 405 628 Philotae,
416 543 599 627 Zenodoti,
614 540 798 629 Sosigenis,
822 529 1048 640 Pliiiemo'rtis,
1062 543 1314 634 Aristophanis,

243 649 439 720 callistrati·
453 637 508 730 (³2,
531 649 604 716 tat.
628 649 668 729 Γ,
691 646 757 726 18),
781 646 930 710 Cratetis
951 648 1008 730 (Ω,
1017 649 1107 730 253),
1128 655 1201 714 tum
1224 659 1308 736 quas
1378 697 1379 700 ,

242 755 327 818 dicit
346 744 466 828 κοινάς,
490 745 660 836 ceaddam.
682 745 853 813 Aeolicae
856 748 981 821 ¹(schol.
1005 747 1116 830 Od.5e
1115 753 1211 833 ‚‚280
1233 757 1307 820 331.

177 855 180 862 ’
242 880 272 938 ο,
285 857 345 934 98)·
361 859 394 918 et
415 852 601 937 cyclicae(
588 853 646 932 (ib.
659 873 697 933 ιι,
707 853 781 918 195.
794 873 826 938 ρ,
842 851 941 930 iilt)
960 853 1086 917 tuentio
1108 855 1145 916 in
1166 853 1307 922 scholiis

209 960 297 1024 'aad'
322 957 509 1040 odysseam
540 973 582 1018 ne
623 954 741 1018 dubita
782 955 863 1037 quia
897 973 941 1018 ex
972 955 1089 1020 eodem
1121 954 1217 1054 sonte
1249 958 1305 1023 sit.

219 1091 220 1096 ¹
245 1057 483 1128 Commentarii
504 1053 692 1120 Aristarchi
715 1059 748 1119 et
768 1055 904 1121 scholae
920 1057 1079 1122 destinati
1101 1062 1137 1122 et
1170 1059 1311 1124 editioni
1370 1061 1373 1066 ’

188 1242 190 1246 ⁴
245 1161 399 1248 paratae,
422 1159 500 1222 inde
520 1159 561 1222 ab
584 1157 660 1222 istis
681 1157 740 1241 qui
757 1159 863 1242 primi
884 1157 1036 1240 fuerunt,
1057 1179 1133 1224 cum
1160 1161 1306 1226 nondum

226 1266 356 1348 ipset
342 1266 471 1326 textam
493 1259 674 1340 edidisset,
699 1259 758 1325 sed
781 1262 1028 1326 annotationem
1051 1281 1143 1326 suam
1165 1263 1210 1327 ad
1232 1264 1310 1329 Ari-

229 1385 233 1396 ·
246 1357 417 1486 stophanis
446 1343 626 1427 editionem
662 1363 848 1446 applicaret
875 1359 935 1438 (ιά
962 1359 1047 1428 κατὰ
1071 1357 1311 1453 Ἀριστοφάιιιν
1367 1433 1370 1437 ,

224 1457 391 1551 alimanie
378 1488 467 1547 ματα
492 1456 702 1551 Ἀριστάρχου
727 1466 768 1548 Β,
799 1467 883 1544 133).
936 1465 1121 1531 Praeterea
1145 1467 1312 1553 Dionysii

247 1569 412 1647 Thracis,.
427 1567 590 1652 Dionysii
608 1567 755 1648 -Sidouii,
777 1566 954 1657 Clraeridis
977 1570 1031 1649 (Β,
1049 1570 1121 1634 865.
1145 1573 1186 1651 Ζ,
1208 1573 1259 1636 71.
1282 1573 1311 1651 Ι,

246 1674 334 1748 605.)
375 1670 539 1734 Demetrii
559 1667 699 1749 Ixionis,
721 1670 868 1733 Diodori
890 1669 924 1746 (ἓ
946 1673 986 1747 Β,
1007 1672 1101 1753 865),
1124 1670 1313 1739 Ptolemaei

242 1773 425 1857 'Epithetae
446 1773 675 1836 commentarii
701 1770 745 1836 ad
773 1776 901 1835 textum
925 1773 1154 1839 Zenodoteum
1184 1775 1226 1855 (si
1249 1775 1336 1840 hoc·

247 1876 347 1940 modo
376 1877 468 1938 recte
495 1868 829 1957 interpretamur'B,
852 1877 939 1952 111).
967 1929 970 1934 ,
1004 1875 1149 1960 Ξοιίριιι,
1165 1877 1310 1963 denique

248 1977 417 2042 Ammonii
438 1967 747 2066 πρὸςἈθηοοκλὲοι,
770 1971 848 2062 περὶ
869 1977 928 2041 acii
947 1973 995 2063 μὴ
1006 1976 1170 2064 γεγονέναι
1179 1975 1319 2056 ’πλείους

237 2071 395 2154 ’ἐκδόσεις
411 2077 474 2162 ’τῆς
490 2069 735 2163 Ἀρισταιιχείου
756 2070 978 2162 διορθώσεως,
1000 2076 1079 2167 περὶ
1099 2082 1158 2167 τῆς
1177 2075 1317 2154 ἐποιδο-

242 2176 367 2268 'aalays
388 2171 608 2266 διορθώσεως,
630 2174 712 2269 περὶ
731 2178 796 2242 τῶν
813 2170 1080 2270 ΙὑιιὸΠιιάτωιος
1092 2194 1319 2272 μετενηνεγμέ-

250 2399 475 2416 m

262 2538 328 2602 ²⁸)
361 2537 396 2591 In
417 2535 612 2592 bibliothecam
635 2535 852 2591 Alexandrinam
882 2537 1006 2594 volumen
1030 2547 1142 2594 venerat
1157 2537 1274 2594 Iliadem
1292 2547 1320 2594 et

254 2622 406 2694 Odyssean
425 2636 555 2675 unacum
573 2621 687 2692 cyclicis
706 2623 897 2690 complectens.
932 2625 1012 2677 Hunc
1029 2623 1239 2678 Homericorum
1257 2641 1318 2680 car·

253 2708 355 2762 minum
373 2717 477 2761 textum
496 2705 538 2770 (is
559 2705 611 2758 tuit
632 2707 761 2783 fortasse,
786 2705 880 2782 quiin
903 2707 958 2761 tine
981 2707 1079 2763 Iliadis
1096 2707 1215 2762 additum
1234 2709 1319 2764 lrabe-

206 2809 207 2812 ’
255 2793 312 2848 bat:
332 2789 367 2852 ὠς
385 2789 453 2860 oiy’
473 2789 616 2861 ἀμφίεπον
633 2787 728 2861 τάφον
732 2775 865 2864 Βιι,ιορος
889 2782 997 2860 ntdsd’
1019 2787 1148 2862 Ἁμαζῶν,
1159 2785 1255 2867 ’Ἄρηος
1270 2800 1321 2848 dv-

162 2883 163 2888 ’
254 2873 339 2950 ydrae
362 2872 544 2974 μεγαλήτορος
566 2873 763 2950 ἀνδροφόνοιο)
785 2877 970 2933 bibliothecae
993 2878 1126 2948 praefecti
1141 2887 1168 2931 et
1185 2893 1321 2946 grauatae-

254 2963 302 3016 tici
320 2963 430 3017 nomine
455 2962 641 3030 antecastrale
664 2957 835 3032 διορθώσεως
857 2957 990 3016 serebant.⁸
1013 2995 1046 3006 -
1082 2961 1160 3018 Quae
1176 2974 1321 3033 praeterea

256 3056 481 3100 commemoratur
498 3045 599 3113 editio,
624 3049 695 3102 shol.
713 3044 765 3101 Od.
784 3050 812 3115 ξ,
829 3052 888 3114 aot,
905 3041 922 3114 ἡ
939 3046 970 3100 ἔκ
990 3050 1131 3102 Μουσείου
1153 3047 1185 3108 in
1204 3049 1321 3120 Didymi
1417 3113 1418 3128 ι

257 3132 346 3202 copiis
364 3148 507 3185 recensere
524 3147 579 3186 non
595 3151 706 3200 possum
725 3134 763 3196 (lr.
773 3151 798 3188 e.
807 3133 859 3186 hae
873 3133 981 3185 lacerae
997 3132 1134 3202 reliquiae
1149 3149 1204 3186 ιιοιι
1221 3141 1321 3186 testan·
1417 3131 1418 3146 ¹

257 3221 323 3282 molt
341 3233 402 3274 uam
418 3217 467 3270 illa
483 3219 621 3272 annotatio
631 3217 745 3290 Didymi
762 3235 818 3272 non
835 3226 892 3282 est;
910 3225 953 3272 est
969 3218 1087 3272 tortasse
1103 3216 1256 3274 Aristonici
1274 3217 1323 3280 (cl.
1417 3219 1418 3222 ’

199 3349 201 3354 .
257 3305 292 3365 Σ,
301 3305 355 3365 39).
390 3301 433 3354 De
451 3302 531 3357 huius
548 3303 679 3359 editionis
697 3303 807 3356 nomine
824 3303 848 3358 si
865 3303 932 3356 licet
949 3303 1133 3358 coniecturam
1151 3303 1253 3367 lacere,
1272 3302 1324 3356 lto·
1417 3357 1418 3368 y

258 3387 335 3444 noris
358 3402 454 3440 caussa
472 3388 579 3450 (sicut'
570 3405 599 3444 m
617 3389 726 3456 templis
744 3405 934 3456 nonnunquam
958 3389 1056 3448 lactum
1075 3403 1135 3441 esse
1158 3384 1324 3455 accepimus)
1369 3405 1375 3414 ·

138 3525 141 3534 ,
258 3473 468 3528 Homericorum
485 3471 633 3526 carminum
658 3472 844 3562 exemplario
868 3473 1006 3546 ltlusarum
1032 3468 1149 3535 sacello,
1171 3473 1247 3538 quod
1264 3487 1324 3525 cunt
1394 3477 1418 3514 ¹,

259 3558 353 3612 schola
376 3557 565 3624 Alexandrina
582 3557 753 3611 coniunctum
770 3545 837 3620 luit,
861 3557 996 3613 asservari
1014 3556 1125 3632 solitum
1143 3571 1205 3608 esse
1227 3563 1255 3609 et
1271 3555 1325 3609 hoc

231 3701 233 3706 ,
260 3641 404 3708 exemplar
420 3641 572 3709 significari
590 3642 801 3715 putaverim·-
818 3643 882 3698 Νοιι
899 3658 981 3703 ausus
998 3655 1057 3695 sum
1075 3625 1177 3693 afferre
1194 3639 1325 3694 Chamae-

260 3728 387 3782 leontem.
408 3719 520 3804 Nequd
543 3729 615 3817 enirn
641 3744 693 3798 pro
719 3736 795 3781 certo
813 3727 888 3791 scio,
914 3727 996 3782 sitne
1020 3743 1054 3779 co
1081 3739 1147 3778 usus
1171 3724 1326 3796 Didymus,

262 3827 422 3879 ortamquam
446 3812 487 3865 sic
504 3800 630 3865 videatdr
656 3827 692 3864 ex
708 3816 751 3876 M,
768 3817 834 3878 231,
853 3829 903 3866 nec
919 3811 1009 3868 adhue
1027 3819 1131 3864 constat
1148 3809 1229 3876 mihi,
1247 3827 1328 3878 prae-

263 3907 306 3950 ter
322 3897 424 3952 librum
443 3898 478 3950 de
494 3897 585 3950 Iliade
606 3895 689 3951 luerit
706 3898 787 3952 etiarn
805 3897 865 3950 eius
889 3896 975 3951 editio
998 3895 1157 3950 carminum
1163 3893 1334 3969 Homerico·

180 3979 184 4001 ³
263 3997 339 4036 rum:
359 3983 434 4054 quod
452 3978 564 4051 quidam
579 3980 636 4038 loci
649 3983 766 4040 suadere
778 3968 914 4039 ridentur.
