2824 4756
96 1629 99 1638 ·
280 1527 1028 1710 'Dissertatio'lVs
1115 1521 1135 1540 ‘V

245 1725 250 1734 ¹
424 1758 505 1846 De
535 1721 863 1876 prosodia
947 1889 950 1900 ¹

489 1930 493 1945 .
561 1929 709 2023 Μ,

464 2114 524 2192 De
549 2115 767 2224 accentibus.

70 2309 107 2394 ⁴5·
133 2300 182 2378 1·ι
263 2301 390 2390 eterum
422 2319 715 2406 grammaticorum
749 2295 872 2386 merita
897 2317 927 2386 si
955 2321 1031 2407 quis
1056 2323 1150 2388 recte
1262 2329 1271 2344 ‘

68 2433 260 2498 'aestimare
287 2425 380 2504 vult,
413 2425 444 2488 is
473 2424 662 2506 praepaliis
690 2424 806 2489 multis
827 2420 894 2487 hoc
914 2419 1015 2486 unum
1036 2443 1150 2488 secum
1225 2419 1226 2422 ’

75 2538 227 2619 reputet,
269 2527 403 2614 quantis
441 2525 613 2590 laboribus
653 2531 843 2609 quantoque
882 2527 1034 2591 acumine
1066 2545 1149 2609 opus

73 2636 181 2702 fuerit
214 2631 258 2697 ad
289 2630 394 2712 libros
423 2633 621 2695 accentuum
648 2628 740 2697 notis
771 2627 1034 2712 distinguendos.
1079 2627 1149 2703 Qui
1205 2696 1208 2706 Α

75 2741 174 2816 labor
206 2729 238 2800 si
271 2733 306 2796 iu
335 2731 544 2795 orationibus
565 2735 623 2794 aut
644 2729 829 2814 incepisset
851 2734 908 2793 aut
928 2730 1159 2808 substitisset,
1220 2725 1222 2729 ’

63 2832 237 2905 ¹fortasse
245 2835 414 2899 industria
437 2834 509 2896 sola
536 2831 727 2897 adhibenda
749 2835 839 2910 erat,
868 2831 991 2916 quippe
1013 2851 1088 2896 curn
1109 2833 1147 2897 in
1263 2845 1287 2904 ᾗ

70 2943 247 3029 plerisque
278 2935 397 3016 regula
429 2939 592 2999 accentus
628 2953 676 2997 ex
704 2927 894 2996 doctiorum
927 2933 1144 3015 Graecorum,

70 3045 248 3110 rhetorum
269 3035 620 3120 philosophorumque
642 3041 713 3098 tum
735 3034 881 3096 maxime
903 3024 1146 3129 disputantium

71 3165 134 3210 ore
155 3147 225 3227 petr
215 3141 425 3226 potuisset.
478 3137 546 3202 Sed
573 3157 649 3200 cum
671 3137 706 3198 in
719 3131 877 3201 Homero
899 3117 1043 3222 aliisque
1064 3160 1151 3223 poe-¹

69 3249 120 3316 tis
151 3242 364 3328 potissimum
381 3235 478 3304 haec
499 3259 610 3322 opera
629 3235 842 3314 uersaretur,
876 3241 934 3324 qui
956 3229 1102 3341 ignotis
1102 3259 1144 3306 ac

66 3349 124 3416 vel
153 3348 236 3410 iarn
249 3343 309 3406 diu
338 3342 568 3407 intermortuis
590 3342 644 3407 uel
672 3341 738 3406 hoc
761 3347 794 3405 ot
814 3342 875 3406 illo
897 3343 1063 3420 Graeciae
1084 3363 1142 3406 an-

68 3451 148 3535 gulo
171 3445 359 3512 reconditis
379 3443 554 3539 uocabulis
572 3443 695 3508 referti
709 3450 832 3523 essent,
856 3445 922 3510 nisi
935 3453 969 3510 et
986 3445 1142 3508 doctrina

68 3557 104 3616 et
125 3549 296 3614 subtilitas
318 3551 352 3609 et
373 3529 507 3610 nativus
528 3531 663 3658 quidam
684 3567 759 3631 verr
780 3546 925 3629 falsique
946 3567 1063 3610 sensus
1084 3567 1140 3614 ar·-

71 3654 221 3732 cederet,
243 3649 352 3715 omnis
373 3649 471 3711 labor
490 3667 596 3710 vanus
616 3667 787 3730 vagusque
802 3654 884 3712 erat.
929 3649 1140 3732 Quamquam

67 3756 132 3822 vel
156 3753 345 3840 vulgarium
378 3748 617 3816 vocabulorum
650 3751 809 3816 accentus
841 3769 941 3834 saepe
972 3771 1039 3814 non
1071 3752 1140 3817 nisi

67 3854 205 3922 assidua
218 3855 454 3918 observatione
468 3851 632 3914 constitit.
674 3849 715 3914 E.
731 3873 762 3934 g.
777 3873 945 3938 πειρησαι,
968 3855 1138 3926 notionem

68 3955 274 4039 imperativi
286 3954 486 4039 flagitans,
477 3973 511 4016 ιιι
530 3952 722 4016 Homericis
737 3953 895 4035 offertum
918 3975 983 4036 quo
999 3961 1139 4020 accentu
1200 3943 1205 3967 ⁴

69 4055 227 4182 nombi'sl
267 4055 337 4122 Sed
358 4055 556 4144 quidquid
545 4075 582 4120 ιιι
602 4053 668 4120 hac
681 4056 772 4121 raab
786 4056 1026 4124 Alexandrinis
1041 4077 1140 4143 prae-

842 4159 893 4230 -17
1057 4174 1064 4188 ¹·
