2806 4756
1096 404 1163 476 dib

80 576 141 641 Sic
160 575 210 648 A,
234 573 307 656 15⁰,
329 573 420 658 quod
442 571 587 638 nescirit
608 567 706 661 τιμὴν
732 591 807 640 esse
828 572 896 638 boc
915 573 993 640 loco
1012 579 1163 662 nisaepe

80 683 115 742 in
149 679 343 742 Homericis
375 678 397 741 i.
429 697 462 762 q.
495 672 668 763 τιμωρίαν.
718 675 816 742 Haec
835 683 874 742 ut
894 679 1165 746 accuratioribus
1249 675 1253 758 [

79 782 205 846 stodiis
237 781 281 843 in·
304 779 460 843 llornero·
484 779 606 862 positis
636 779 673 842 iu
700 773 866 864 integrunt
892 783 1051 848 restituta
1071 785 1161 859 sunt,

79 887 134 948 sic
166 883 311 966 diligens
342 885 377 945 et
406 880 544 946 assidua
572 880 739 946 sermonis
780 865 1063 970 antiquitatisque
1089 883 1162 950 Ho-

84 985 232 1050 mericae
269 983 485 1068 investigatio
533 983 714 1048 multorum
768 986 997 1071 suspicionem
1054 987 1164 1052 movit
1298 999 1303 1008 '

81 1088 137 1154 rel
159 1087 385 1153 confirmavit.
440 1084 544 1149 Haeo·
558 1105 641 1150 vere
661 1091 740 1153 sunt
760 1083 889 1172 πολλῆς
910 1083 1030 1175 πείρας
1050 1086 1163 1154 τελευ-

82 1193 160 1256 ταῖα
191 1183 426 1277 ἐπιγενὴμαεα.
481 1186 552 1251 Ηίο
583 1187 679 1253 locus
708 1191 774 1270 est,
808 1189 845 1252 in
873 1209 940 1273 quo
968 1189 1163 1256 Aristarchi

81 1313 138 1358 ars
160 1297 194 1357 et
207 1295 338 1358 merita
357 1291 441 1358 satis
463 1289 657 1375 praedicari
677 1291 859 1382 nequeunt.
912 1290 1080 1376 Exempla
1101 1309 1164 1378 per
1217 1332 1224 1342 -

83 1401 191 1460 totum
217 1395 341 1460 librum
370 1391 520 1459 bostrum
549 1407 669 1478 sparsa
696 1397 776 1458 sunt
804 1399 839 1460 et
866 1393 939 1464 iam,
956 1399 1037 1460 nota
1058 1394 1164 1462 lecto·

84 1499 177 1564 ribus
199 1497 473 1576 recordantibus,
508 1516 595 1581 quae
616 1495 811 1560 dictasunt
832 1497 868 1561 in
887 1489 1040 1578 βάλλειν,
1074 1489 1164 1584 φρά-

85 1597 166 1682 ζειν,
187 1593 352 1686 μάχαιρα,
372 1593 479 1674 ἴσκεν,
501 1589 633 1672 crebro,
655 1595 851 1683 γεγωνέμεν,
875 1601 962 1684 γυῖα,
984 1600 1163 1685 κερτομεῖν,

83 1705 165 1768 item
187 1702 230 1768 de
261 1701 361 1779 aliis;
395 1700 438 1764 de
471 1699 643 1784 sepultura
675 1705 885 1788 mortuorum
918 1701 965 1784 (μ.
1001 1701 1086 1778 197),
1121 1701 1164 1766 da

83 1803 246 1892 Hectoris
259 1801 433 1889 quadrigis
448 1804 493 1885 (p.
515 1805 601 1883 195).
626 1803 669 1868 de
689 1801 837 1878 Achille,
858 1800 1020 1883 llercole,
1038 1801 1159 1883 Musis,

82 1907 215 2002 l’aride
235 1906 381 1990 aliisque
398 1906 435 1972 in
446 1906 564 1972 eodern
577 1906 702 1990 capite,
723 1905 806 1990 item
816 1904 854 1972 in
865 1903 1162 1990 Geograpbicis*).

537 2139 707 2157 —m

558 2826 684 2909 c.-11.
821 2859 823 2866 ’

354 2998 418 3078 Βι
443 3000 696 3077 coactitccndo
709 2999 884 3084 hctc'onc.

91 3171 194 3288 oum
221 3238 340 3286 recens
366 3219 535 3306 qnondam
562 3221 605 3287 ab
625 3219 830 3303 Aristonici,
858 3219 1065 3305 Herodiani,
1094 3242 1163 3289 nra-
1246 3265 1248 3275 ·

90 3326 183 3390 ximo
202 3343 288 3391 vero
306 3320 452 3409 Didymi
472 3324 656 3403 laboribus,
677 3343 820 3410 Quorum
840 3325 1006 3394 rationaru
1027 3331 1061 3390 ot
1082 3343 1163 3390 con-

89 3425 204 3492 silium
230 3427 340 3512 prima
366 3424 605 3495 dissertatione
631 3426 894 3514 explicavimus,
927 3424 1051 3494 Wollii
1084 3445 1164 3512 pro·
1288 3493 1296 3504 ,
1384 3451 1390 3458 ·

141 3698 168 3763 2)
184 3698 247 3754 Nou
263 3695 344 3766 potui
360 3696 397 3752 de
413 3695 609 3767 Anaoobnis
626 3713 715 3770 opera
729 3695 760 3754 la
777 3694 906 3756 versibus
923 3694 1039 3751 iloneri
1055 3685 1163 3767 mna
1199 3710 1201 3714 ·

93 3781 141 3838 vel
156 3783 290 3840 eruendis
304 3783 349 3839 vel
366 3783 547 3838 detondendis
563 3780 656 3851 mnu
672 3781 775 3840 dicero.
818 3784 896 3840 Qube
912 3781 985 3836 baud
1002 3781 1087 3838 dabla
1103 3797 1167 3838 now

92 3865 164 3923 sini
180 3867 350 3925 satianda
371 3877 424 3926 eat.
450 3869 514 3924 lloo
530 3868 618 3938 igitar
631 3867 703 3923 folin
711 3866 824 3941 patebit,
841 3865 1035 3936 quanto-albi
1045 3875 1165 3936 aeque

93 3949 124 4008 in
141 3954 197 4010 boe
211 3969 315 4024 geom
331 3953 440 4024 gloriae
454 3961 562 4024 mnan
578 3950 708 4010 vindicet.
725 3985 760 3999 -
781 3953 816 4008 ln
835 3949 880 4008 vio
896 3952 932 4006 ab
949 3951 994 4007 bis
1009 3963 1161 4010 tonstrua

91 4036 193 4107 ouon
215 4039 361 4112 pram
379 4036 1162 4108 nn‚unbodabdseraniaunbmtmex·
