2824 4756
137 349 319 420 -252

252 535 438 627 φλαγωὶας
468 573 511 588 -
531 571 572 586 -
604 525 674 598 dud
712 529 864 618 γυναικὸς
893 495 1062 624 Hapuldoe
1088 530 1323 628 Ἀμᾶσυριόυς

251 640 421 731 θυγατρὸς
442 631 631 726 Ὀξυάθρου
660 637 719 700 τοῦ
748 629 895 723 ἀδελφοῦ
916 634 1078 724 Δαρείου,
1112 631 1322 729 ἢσυνῷκησυ
1388 661 1389 704 l

251 740 418 829 Διονυσίῳ
438 744 484 832 τῷ
501 732 697 827 Ἡρακλείας
718 733 863 824 τυράννῳ
885 742 931 815 (v.
955 739 1066 806 Strab.
1087 741 1162 840 xil
1182 765 1215 827 p.
1231 733 1321 824 bit).
1388 785 1389 810 r

251 843 471 931 Δημοσθένης
510 837 539 907 δ’
564 839 601 918 ἐξ
624 833 816 921 Ἀμαζόνος
840 835 926 904 οὕτω
950 839 1133 930 λεγομένης.
1178 844 1247 910 Sed
1267 866 1320 910 re.
1388 821 1389 882 ἶ

251 947 361 1013 dimus
394 947 438 1012 ad
470 943 662 1010 Homerica.
716 942 809 1024 Ergo
834 943 889 1005 illi
909 943 967 1006 ubi
988 946 1204 1032 Σειρηνυῦυαι
1227 947 1320 1012 dice-

223 1097 226 1106 .
252 1049 373 1114 bantur
403 1050 451 1113 ibi
474 1049 553 1112 olim
577 1047 713 1110 Sirenes
735 1046 840 1108 tuisse
861 1043 1036 1125 volebant,
1066 1047 1125 1108 ubi
1146 1043 1318 1136 Κίρκαιον,

251 1151 301 1216 ibi
324 1151 471 1232 Circam,
494 1156 528 1215 et
550 1149 682 1230 reliqua
703 1145 822 1226 eodem
847 1145 956 1210 modo.
1010 1147 1057 1212 Et
1077 1146 1157 1212 huic
1178 1151 1320 1215 veritati

250 1253 435 1318 Homerum
463 1249 668 1334 respondere
696 1247 864 1313 volebant.
915 1247 1055 1312 Scilicet
1079 1253 1223 1316 accessit
1252 1253 1317 1317 late

250 1361 369 1440 patens
390 1355 505 1438 opinio
529 1354 570 1416 de
592 1350 733 1416 Homeri
755 1349 927 1430 doctrina,
949 1369 1036 1433 qnae
1057 1353 1173 1435 opinio
1196 1355 1318 1418 mirum

251 1462 408 1542 quantum
441 1462 561 1541 poetae
593 1452 866 1536 interpretationi
897 1453 1022 1519 offecit.
1076 1454 1211 1520 Etenim
1243 1475 1317 1520 cum

252 1559 421 1623 Homerus
453 1557 630 1624 sententiis
662 1566 696 1620 et
727 1555 865 1619 virtutis
892 1549 1056 1638 exemplis
1087 1547 1233 1640 egregiis
1265 1577 1318 1621 re-

252 1662 362 1748 pletus
394 1667 495 1752 esset¹
509 1663 599 1726 inter
627 1656 845 1744 philosophos
873 1657 1019 1720 invaluit
1045 1658 1252 1724 consuetudo
1279 1662 1318 1723 ut

252 1764 417 1848 quidquid
438 1765 480 1828 de
502 1764 651 1831 moribus
671 1762 926 1844 praeciperent,
948 1759 1060 1843 aliquo
1081 1779 1182 1824 versu
1204 1766 1239 1826 et
1259 1779 1318 1824 ex·

251 1867 361 1950 emplo
387 1887 430 1932 ex
458 1867 607 1930 Homero
631 1864 736 1946 petito
757 1859 1007 1925 confirmarent.
1060 1859 1157 1925 Haec
1178 1879 1318 1926 consue·

250 1963 332 2032 ¹tudo
355 1970 438 2032 adeo
461 1969 589 2050 placuit
610 1972 643 2028 et
663 1966 877 2048 frequentata
898 1967 957 2036 est,
980 1967 1018 2025 ut
1038 1961 1208 2028 Homerus
1221 1967 1316 2047 quasi

234 2057 414 2153 'quaedam
436 2070 611 2132 doctorum
633 2066 784 2148 supellex
802 2063 923 2148 fimet,
944 2068 983 2128 ut
1004 2063 1149 2149 denique
1171 2067 1256 2150 ipsis
1276 2085 1316 2130 ea

253 2173 364 2235 omnia
396 2170 563 2233 Homerus
595 2168 770 2231 continere.
800 2165 990 2242 videretur,
1024 2187 1110 2250 quae
1132 2185 1315 2232 accommo-

251 2272 363 2335 dando
391 2269 647 2351 etaadaptanuo
677 2287 720 2330 ex
747 2267 808 2330 illo
831 2267 954 2331 elicere
975 2268 1155 2351 placuerat.
1204 2269 1314 2334 Porro

251 2370 337 2438 baec
357 2373 424 2437 snit
445 2371 628 2437 communis
649 2369 804 2434 florentis
827 2370 989 2433 Graeciae
1011 2372 1141 2454 opinio,
1165 2379 1314 2456 poetas

254 2478 427 2557 dooere3
453 2476 523 2538 bam
544 2480 634 2554 tum,
656 2477 694 2536 ut
715 2472 800 2535 mihi
821 2472 958 2536 videtur
979 2472 1067 2536 ultra
1088 2472 1126 2536 id
1148 2472 1238 2556 quod
1259 2494 1314 2538 ve-

187 2587 193 2598 '
250 2601 323 2648 nrm
345 2585 398 2644 est
419 2581 562 2661 egressa:
588 2577 751 2639 Attamen
766 2573 857 2638 bide
879 2573 977 2638 bonis
997 2563 1315 2664 moribuseterreni-¹
1387 2587 1388 2596 ¹

252 2685 320 2769 plis
351 2683 489 2748 virtutis
520 2679 723 2762 cogitabant.
775 2675 871 2755 Quae
900 2695 956 2740 res
976 2695 998 2740 a
1025 2682 1121 2760 parte
1143 2677 1315 2742 doctorum

249 2784 557 2852 Alexandrinorum
590 2780 777 2862 dupliciter
805 2776 937 2842 deflexa
964 2783 1031 2856 est,
1064 2797 1142 2842 cum
1171 2780 1315 2861 primum

250 2889 346 2953 illam
374 2890 549 2971 poetarum
576 2882 765 2944 doctrinam
791 2900 812 2944 a
839 2880 990 2944 moribus
1017 2880 1061 2943 ad
1087 2880 1218 2945 variam
1241 2902 1314 2946 eru·

250 2991 411 3055 ditionem
432 2984 671 3059 transferrent3
701 2982 824 3047 deindo
843 2981 999 3045 dicebant
1020 2973 1180 3064 optimum
1203 3004 1314 3066 quem-
1365 3035 1368 3040 .

248 3111 316 3176 que
343 3094 475 3176 poetam
503 3088 540 3151 id
561 3105 667 3170 agere
688 3089 789 3170 atque
810 3085 875 3146 boc
895 3085 976 3146 boni
996 3088 1118 3166 poetae
1137 3087 1313 3148 consilium
1345 3091 1347 3098 '

253 3213 328 3258 esse
354 3197 394 3254 ut
421 3209 519 3275 quarn
545 3189 690 3272 plurima
722 3187 869 3250 doceret.
920 3184 987 3250 Sed
1008 3183 1144 3249 suerunt
1165 3188 1225 3250 alii
1248 3188 1313 3252 ele·

252 3292 416 3380 gantioris
441 3289 579 3365 iudicii,
612 3291 670 3373 qui
692 3289 916 3352 defendebant
935 3291 1057 3372 poetae
1074 3285 1227 3352 osticium
1247 3309 1313 3353 non

250 3418 325 3464 essa
351 3395 403 3477 (ut
427 3393 592 3457 vocabula
619 3393 660 3455 ab
686 3391 757 3454 illis
783 3392 922 3469 sumam)
943 3422 985 3444 -ψ
1000 3385 1313 3456 'deducentium-ssd

249 3492 473 3590 ψυχαγωγίαν.
485 3557 493 3588 J
506 3494 636 3559 Horum
648 3493 805 3576 princeps
815 3491 1056 3558 Eratosthenes
1067 3491 1192 3568 (Strab.
1205 3493 1225 3555 I
1237 3515 1269 3577 p.
1280 3495 1312 3558 c.
1326 3480 1329 3488 ’

203 3677 207 3687 ,
249 3623 281 3687 p.
294 3600 361 3679 25).
374 3600 425 3663 Ab
437 3598 544 3662 altera
554 3602 651 3680 parte
662 3585 747 3659 alios
758 3599 969 3660 secutusstut
982 3593 1312 3660 StraboEratostbe-

236 3704 532 3786 ‘nemimpugnana
541 3702 583 3783 *1,
607 3693 1313 3790 Abbucopinioneprofecmsplermuead

200 3895 203 3902 ·
251 3887 475 3912 W
576 3899 583 3915 Ι

305 4005 387 4080 *ὶζῐα
408 4007 461 4068 bar
484 4003 648 4083 questura
666 4004 786 4070 maxim
811 4002 1006 4079 Ηίυυιῐώυα
1028 4008 1155 4073 malas,
1177 4019 1210 4086 r..
1231 4017 1262 4075 p.
1286 4004 1312 4062 t.
