2878 4750
254 347 321 414 222

259 507 383 602 i‘tdqloa
413 504 481 580 εἴτε
512 507 641 593 παίζων
671 504 847 602 ἐφύβρισεν
877 505 944 580 eise
986 495 1074 578 deon
1112 506 1354 600 »intimatis

233 619 347 684 -Golt
376 617 483 698 xvi,
512 617 551 682 62
578 612 1184 699 RedeuntesGraeciaBrundusium
1205 637 1329 698 nuvern

258 719 474 786 advertimus.
534 718 589 782 lbi
624 721 789 802 quispiam
820 718 951 801 linguae
981 717 1123 783 Latinae
1154 719 1330 785 litterator

257 819 369 889 Reum
398 843 419 886 a
444 819 670 886 Brundusiuis
686 821 882 890 ‘accersitus
904 821 1124 902 experiundum
1144 841 1211 915 sese
1231 823 1325 906 cotye

258 926 374 990 amar:
406 925 494 986 imus
524 922 567 986 ad
599 943 673 986 curn
705 918 927 1004 nos'quoque
955 922 1188 986 oblectamenti
1213 927 1326 1004 gratia

260 1071 364 1090 ....
398 1025 548 1106 Legebat
579 1026 720 1089 barbare
746 1023 932 1106 insciteque
960 1022 1103 1108 Virgilii
1124 1025 1323 1108 septirncmt

258 1129 294 1192 in
317 1147 381 1211 quo
403 1128 491 1190 libro
512 1125 709 1193 hievernus
730 1130 798 1189 est:
1096 1127 1100 1136 '

278 1311 283 1326 .
385 1260 527 1326 Centum
549 1261 715 1344 lanigeras
736 1262 905 1325 mactabat
928 1260 993 1328 rite
1014 1261 1182 1327 bidentest
1229 1289 1233 1298 =

259 1373 293 1429 et
326 1364 449 1428 iubebat
476 1383 587 1444 royara
618 1383 662 1443 se,
685 1365 714 1428 si
735 1366 803 1446 quie
825 1365 956 1426 omniurn
978 1383 1077 1428 rerum
1098 1366 1186 1428 vallet
1206 1365 1320 1429 dicere.

259 1467 347 1532 Turn
371 1485 431 1548 ego
454 1465 582 1527 indocti
604 1461 750 1527 hominis
777 1462 1016 1526 'confidentiam
1045 1465 1229 1529 demiratus
1251 1465 1322 1529 Do-

257 1589 359 1635 oesne·
378 1570 511 1650 inquam
532 1585 607 1644 nos,
630 1567 801 1648 magister,
824 1587 884 1628 cur
906 1565 1057 1632 bidentes
1080 1565 1266 1634 dieantur?¹
1280 1602 1316 1616 -

256 1669 348 1736 Hine
366 1668 502 1734 -sactum
532 1674 584 1734 est
612 1675 649 1730 ut
675 1667 840 1734 eiusmodi
872 1668 1082 1750 quaestiones
1110 1668 1254 1742 litterati
1282 1668 1318 1731 in

256 1773 357 1836 decta
384 1770 581 1834 adversaria
610 1769 790 1838 referrent.
840 1767 969 1836 Narrat
991 1769 1120 1833 Gellius
1142 1769 1262 1850 (XIV,
1283 1769 1317 1848 o)

253 1871 447 1958 „hominem
479 1873 515 1934 in
537 1872 726 1935 litterarum
752 1872 845 1936 cultu
865 1891 931 1934 non
952 1871 1131 1954 ignobilem
1153 1891 1318 1955 magnani-

255 1997 320 2060 que
343 1975 463 2038 aetatis
485 1974 671 2056 partemin
692 1971 1006 2040 libris,·versatun1“
1028 1973 1093 2037 sibi
1115 1974 1150 2038 in
1164 1976 1315 2038 noctibus

254 2079 325 2142 suis
353 2073 554 2139 adornandis
582 2079 745 2158 occupato
773 2074 894 2136 librum
922 2073 1044 2157 grandi
1068 2075 1317 2140 volumineob-

254 2179 397 2256 tulisse,
420 2180 458 2251 ut
479 2175 557 2238 inde
578 2181 711 2258 peteret
729 2174 864 2260 siquid
886 2175 1047 2242 memoria
1066 2176 1206 2259 dignum·
1223 2177 1316 2242 inve·

252 2280 354 2343 niret.
399 2276 616 2340 Gloriabetur
637 2295 718 2340 vero
740 2296 813 2344 esse
835 2277 934 2342 istum
956 2279 1078 2342 librum
1106 2273 1317 2360 „omnigenis

254 2379 421 2450 doctrinis
450 2383 713 2461 praesoatentem
739 2384 840 2462 atque
870 2398 914 2442 ex
942 2381 1059 2444 multis
1086 2387 1120 2444 et
1148 2383 1257 2445 variis
1283 2386 1315 2444 et
1410 2429 1411 2446 .

165 2529 166 2532 ,
253 2482 391 2547 remotis
407 2479 620 2546 ‘lectionibus
646 2481 711 2544 sibi
734 2479 975 2546 elaboraturu“.
1021 2458 1151 2546 Gellius
1172 2482 1315 2546 libenter

253 2583 400 2666 accepim
422 2585 456 2644 at
477 2600 538 2664 pro
561 2598 643 2645 auro
665 2583 827 2647 carbones
854 2583 998 2648 invenite
1026 2584 1205 2648 maximam
1227 2585 1315 2647 enirn

252 2691 383 2768 partem
406 2675 589 2765 eollegerat
610 2685 761 2766 spinosas
784 2689 817 2747 et
838 2685 980 2748 minutas
1001 2687 1225 2770 quaestiones.
1257 2685 1316 2749 Ex

153 2869 157 2873 .
252 2786 298 2853 iis
321 2785 443 2868 igitur,
472 2803 557 2870 quae
586 2804 623 2850 se
644 2786 694 2850 ibi
721 2784 891 2851 iuvenisse
913 2784 1015 2869 dicit,
1043 2785 1205 2852 nonnulla
1224 2785 1314 2852 haud

251 3001 474 3028 ..ι-...μη-

302 3140 327 3199 *l
346 3137 425 3210 Cotti.
449 3135 523 3191 Plur.
549 3137 686 3209 Sympcn'
703 3139 755 3195 (in.
773 3139 827 3205 IX,
845 3143 862 3198 Β
879 3139 916 3194 in.
933 3139 1017 3192 ταῦτα
1033 3135 1095 3198 τοὺς
1111 3131 1208 3200 ἄλλους
1224 3135 1312 3195 ἅπαν-

251 3239 299 3282 τας
314 3215 407 3287 ἡδίους
422 3220 548 3289 ἐποίησε,
564 3217 653 3288 μόνον
674 3222 708 3276 di
731 3213 923 3295 γραμματικὸν
941 3220 1030 3276 Ὕλαν
1056 3221 1070 3277 ὃ
1093 3221 1178 3296 ῥήτωρ
1202 3225 1314 3283 Σῶσπις

252 3301 325 3378 ὁρῶν.
342 3304 544 3359 ἀποσιωπῶντα
570 3309 617 3359 καὶ
637 3304 896 3381 βαρυθυμούμενον,
909 3305 953 3370 (οὗ
977 3305 1051 3362 πάνυ
1072 3305 1126 3376 γὰρ
1150 3307 1334 3378 εὐημέρησεν’

249 3390 282 3446 ἐν
298 3396 356 3450 ταῖς
372 3389 544 3456 ἐπιδείξεσιν)
562 3409 612 3446 -;
648 3392 720 3446 Gell.
740 3391 853 3457 XVlll,
870 3398 887 3450 5
904 3393 1051 3458 „Puteolis
1069 3392 1181 3448 tultam
1199 3389 1312 3446 n'uneia·

250 3483 303 3537 tur,
322 3471 501 3544 ἀναγνώστην
518 3477 661 3542 quendam,
687 3491 741 3528 non
760 3476 896 3529 indoctum
915 3467 1060 3542 hominem,
1078 3493 1148 3530 vore
1165 3477 1310 3531 admodum

250 3559 319 3614 scita
337 3569 364 3612 et
381 3555 482 3613 canora
499 3559 583 3613 Ennii
600 3560 711 3614 annales
730 3549 822 3626 legere
839 3561 873 3612 ad
897 3561 1028 3632 populum
1050 3561 1079 3616 in
1098 3562 1212 3614 theatro.
1253 3561 1308 3612 Ea-

248 3638 324 3710 mus,
350 3644 452 3711 inquit,
480 3643 602 3699 auditum
626 3644 720 3698 nescio
746 3661 826 3711 quern
844 3647 924 3699 istum
942 3645 1144 3698 Ennianistam:
1169 3646 1222 3697 hoc
1239 3643 1311 3696 enirn
1346 3641 1347 3644 ’

249 3744 280 3784 se
298 3727 347 3782 ille
364 3725 473 3791 nemine
497 3728 639 3799 appellari
661 3727 801 3784 volebat“
841 3731 874 3784 V.
903 3730 1019 3796 casaub.
1039 3729 1150 3784 Sueten.
1167 3727 1207 3784 ill.
1225 3741 1267 3794 gr.
1286 3744 1311 3781 c.

248 3817 273 3872 it
293 3845 324 3858 -
342 3812 468 3870 Ceterum
486 3831 503 3866 a
520 3812 807 3884 ridicula-auditorum
830 3813 1006 3870 cavillatione
1022 3811 1056 3866 n'e
1073 3823 1182 3866 veteres
1199 3811 1311 3876 quidem

248 3897 397 3967 sophistae,
415 3897 595 3961 plurimorum
607 3913 714 3952 summa
738 3897 918 3956 admiratione
933 3895 1052 3964 accepti,
1071 3896 1125 3950 sibi
1143 3901 1241 3950 tavare
1257 3911 1310 3964 po·

248 3989 346 4046 teram,
364 3991 393 4037 ut
411 3970 532 4050 Gorgias
549 3995 566 4036 a
583 3981 793 4051 Chaereptronte
810 3982 911 4046 elusus,
930 3997 956 4035 v.
972 3980 1050 4036 lions.
1069 3981 1104 4035 de
1121 3981 1208 4049 Gorg.
1219 3997 1247 4051 p.
1264 3983 1308 4037 il..
