2858 4754
130 517 240 608 Buv'
256 545 300 609 ad
328 544 368 623 B,
402 545 465 610 330
488 533 593 618 κεῖνός
614 535 645 608 θ’
667 530 714 619 ’ὣς
736 533 895 630 ἀγόρευε)
925 534 1074 620 ὂξνντέσν
1089 539 1148 629 τὴν
1169 565 1207 622 ος
1268 565 1279 584 1

111 645 188 713 ’διὰ
226 644 283 712 τὸν
304 669 350 712 τε.
398 640 519 740 ,οὕτως
546 637 756 732 Ἀρίσταρχος
787 641 845 710 καὶ
876 637 1092 732 Ἡρωδιανός.
1152 645 1206 712 Eo

132 736 239 812 m'odo¹
258 749 543 834 increbili'paene
565 733 746 812 oscitantia
757 745 1055 833 co'rruperunthoc
1073 765 1117 812 ex
1130 749 1205 816 cod.

128 850 179 914 A:
212 844 318 927 οὕτως
344 841 549 939 Ἡρωδιανὸς
582 845 638 914 διά
670 849 731 917 τοῦ
762 853 800 914 θ.
847 842 1062 938 Ἀρίσταρχος
1089 847 1126 915 δὲ
1149 847 1206 916 διὰ

128 951 192 1017 τοῦ
219 973 239 1015 τ
268 947 337 1032 (scss¹
358 945 449 1033 τώς).
481 979 522 1000 -γ
551 949 789 1017 Aristarchum
818 973 880 1038 pro
903 953 1081 1018 Zenodoto
1104 951 1206 1017 hahet

126 1053 162 1117 *L
185 1052 227 1118 ad
253 1053 292 1131 Θ,
314 1053 387 1122 349.
438 1053 506 1120 Sed
536 1053 679 1138 palmam
702 1055 826 1120 meruit
847 1055 929 1120 hoca
957 1056 996 1132 E,
1018 1053 1087 1121 695*
1104 1055 1206 1120 docet

97 1220 100 1231 ,
127 1153 237 1222 schol.
265 1155 313 1219 A:
340 1147 517 1242 Πελάγων)
548 1155 760 1239 Πτολεμαῖος
782 1151 800 1222 ὃ
821 1151 1003 1246 Ὀροάνάοσ
1025 1154 1081 1234 διὰ
1102 1157 1163 1223 τοῦ
1184 1175 1205 1222 σ

126 1250 289 1344 Σελάγιον.
334 1258 427 1335 Quid
449 1257 503 1323 Lt
531 1259 766 1342 ,Πτολεμαῖος
787 1257 844 1325 διά
865 1261 926 1327 τοῦ
947 1280 968 1326 σ
989 1254 1112 1348 γράφει
1132 1260 1230 1325 ΠεΗ

126 1351 310 1445 λάσγων.“.
342 1358 422 1425 Ηοσ
456 1363 557 1428 etiam
586 1363 767 1430 festivum:
799 1363 830 1443 1,
861 1363 924 1429 575
952 1363 989 1427 in
1010 1363 1041 1426 A
1062 1370 1202 1429 annota-

127 1467 216 1526 tum:
248 1456 301 1527 ὅτι
322 1453 475 1540 ἐντεῦθεν
497 1456 515 1528 ὃ
538 1456 713 1552 Σοφοκλῆς
734 1462 768 1530 ἐν
789 1465 837 1553 τῷ
857 1458 1045 1554 Μελεάγρῳ
1065 1463 1123 1531 τὸν
1142 1487 1200 1548 χο-

61 1587 63 1594 ·
125 1559 185 1652 ράν
213 1555 282 1630 άττὸ
315 1559 430 1652 ἱερέων
458 1557 638 1652 παρήγαγε.
691 1568 737 1630 At
759 1567 806 1632 L:
836 1564 989 1634 ἐντεῦθεν
1010 1565 1066 1632 καὶ
1087 1571 1200 1655 Σοφο-

124 1664 204 1752 κλῆς
224 1662 281 1731 τὸν
300 1661 402 1754 χορὸν
427 1659 665 1752 Οἰδίποδος
686 1664 724 1755 ἐξ
742 1663 857 1755 ἱερέων
879 1671 979 1734 ποιεῖ.
1030 1669 1200 1736 Nimirum

126 1765 340 1851 Oedipodem
369 1787 445 1831 cum
473 1767 705 1834 sacerdotibus
744 1771 958 1851 meminerat,
992 1767 1200 1853 Meleagrum

124 1889 193 1934 non
227 1874 392 1935 noverat'
422 1868 474 1932 ‘In
503 1869 670 1934 eiusmodi
699 1878 838 1938 auctore
861 1873 942 1936 talia
972 1872 1033 1936 rix
1056 1891 1200 1936 comme-

124 1970 288 2036 moranda
320 1969 410 2056 quod
443 1972 533 2039 dixit
564 1968 599 2037 ἒν
627 1973 698 2050 τοῖς
732 1966 945 2062 Ἀριστάρχσσ
971 1965 1196 2060 ὑπομνήμασι,

125 2075 165 2151 Β,
187 2061 269 2156 355,
286 2093 362 2137 cum
384 2074 512 2156 legeret
533 2076 570 2139 in
582 2075 622 2156 A,
639 2075 729 2158 quod
742 2097 809 2140 non
823 2077 911 2142 idem
927 2083 991 2157 est,
1011 2068 1198 2168 Ἀρρσταρ-
1263 2097 1267 2107 ·

121 2198 180 2256 χος
207 2173 262 2240 καὶ
290 2171 332 2240 τά
360 2167 592 2261 ὑπομνήματα.
624 2175 800 2244 'Similiter
821 2179 858 2242 V
879 2179 922 2242 ad
950 2178 995 2260 K,
1016 2182 1056 2246 51
1082 2173 1199 2245 άθετεῖ
1289 2211 1292 2218 ·

120 2270 370 2365 Ἀριστοφάνης.
434 2279 480 2341 At
508 2279 556 2370 A:
585 2272 827 2368 Ἀριστοφάνης
855 2278 1047 2368 nonnitus.
1087 2283 1196 2365 'Ergo

122 2381 153 2443 si
184 2379 424 2464 intellexisset,
458 2382 608 2471 scribere
642 2381 806 2476 debebat:
845 2375 1197 2474 άθετεῖἈρίστοιρχος

121 2477 177 2545 κάὶ
195 2473 440 2570 Ἀριστοφάνης.
485 2481 653 2549 Similiter
674 2483 804 2574 errauit
825 2484 868 2548 ad
891 2483 936 2564 Ο,
958 2486 1087 2553 231,-
1109 2485 1195 2550 Item

102 2574 156 2648 'V
176 2583 220 2647 ad
242 2585 289 2659 A,
314 2585 376 2652 179
393 2577 636 2671 Ἀριστοφάνης
662 2583 739 2662 τοὺς
767 2579 827 2676 δύο
849 2580 982 2663 diensi,
1007 2579 1194 2674 Ζηνόδοτος

123 2681 160 2750 δὲ
182 2677 232 2751 od.
275 2687 476 2751 Incredibili
499 2688 680 2780 oscitantia
702 2687 858 2752 scholion
880 2689 910 2752 A
933 2689 1134 2771 exscripsit,
1156 2688 1194 2752 in
1299 2721 1303 2729 ,

119 2808 185 2871 quo
209 2777 364 2853 refertur
373 2789 611 2854 Aristarchum
622 2780 809 2874 ¹utrumque
825 2809 960 2876 versum
975 2791 1193 2872 reprobrassc

117 2890 228 2965 (cuius
256 2891 460 2959 mentionem
494 2903 561 2956 non
590 2892 675 2956 facit
702 2893 781 2976 quia
809 2881 913 2956 solito
941 2911 1034 2956 more
1064 2890 1191 2955 dictum
1307 2923 1308 2928 ς

118 2987 318 3057 tuccetum
343 2989 537 3058 ¹‘Aristarchi
567 2995 701 3056 nomine
722 2993 879 3072 omisso),
913 2993 1127 3058 Zenodotum
1149 3014 1192 3057 ne

100 3089 295 3176 'scripsisse
334 3097 468 3180 quidem
510 3100 563 3172 (Z.
603 3089 676 3160 oda
697 3091 898 3181 ἔγραφεν),
932 3095 1191 3180 Aristophanem
1227 3119 1230 3130 ·

117 3196 320 3263 alterutrum
332 3198 567 3281 ''reprobrasse
593 3198 629 3263 V
651 3199 693 3261 ad
718 3201 759 3272 Φ,
784 3199 845 3264 169
861 3191 1076 3286 Ἀρίσταρχος
1094 3192 1211 3280 ἰθυκ-Ι

26 3311 35 3328 ’
117 3291 231 3364 τίωνα.
281 3297 330 3364 At
350 3295 437 3365 haec
459 3297 701 3388 est-Zenodoti
723 3299 844 3365 lectio:
877 3294 1025 3387 ἦάιπλῆ
1047 3293 1100 3363 ὅτι
1120 3301 1189 3384 Ζη-
1294 3338 1297 3348 .

116 3394 252 3478 νόάστσς
272 3392 396 3488 γράφει
417 3396 606 3468 levatione.
640 3438 677 3453 ·-
709 3402 777 3468 Sed
799 3404 852 3467 illi
874 3403 993 3468 melius
1015 3399 1125 3466 visum
1146 3398 1188 3461 il-

115 3503 309 3570 lustriorem
330 3521 468 3588 ponere.
520 3496 525 3514 ⁴

124 3721 128 3726 “
174 3707 208 3792 5.
229 3708 277 3776 2·
305 3708 380 3776 Nec
400 3707 599 3776 Eustathius
627 3707 793 3775 similibus
822 3711 995 3775 erroribus
1016 3705 1104 3771 liber
1125 3707 1186 3784 est,

114 3829 211 3894 quem
243 3805 338 3876 limis
376 3813 486 3878 oculis
520 3830 603 3895 quos
638 3813 680 3875 ad
720 3831 852 3877 manum
882 3815 1047 3878 sumserat
1079 3805 1197 3870 libros
1234 3839 1236 3844 ·

114 3907 324 3998 percurrisse
346 3913 472 3978 certum
495 3919 556 3980 est.
590 3912 735 3978 Tantum
758 3915 907 3993 afferam,
931 3913 1089 3995 quantum
1104 3907 1187 3973 satis

117 4013 238 4080 est'ad
261 4017 365 4102 genus
387 4013 829 4099 e'rsorum'signilicandum.
860 4036 892 4100 p.
919 4009 1013 4094 1387,
1035 4009 1186 4076 lumin
