2878 4750
382 421 391 454 ,
658 339 660 344 ’
1120 368 1201 444 rra.

112 545 227 612 unlus.
246 541 370 608 coloris
392 535 527 618 edatur,
555 537 713 607 Aridices
735 537 952 626 philosophus
973 540 1111 626 indigne
1131 541 1182 608 t'e-

112 665 192 711 rens
212 644 271 710 Tu
292 644 392 706 nobis.
409 642 519 725 inquit
540 643 706 724 absolvas,
729 663 791 708 cur·
812 651 848 710 et
869 645 911 707 do
925 645 1011 710 albis
1027 651 1062 712 et
1076 646 1183 726 nigris
1241 677 1245 685 ·

112 748 200 814 loris
221 745 349 812 similes
371 745 522 809 maculae
544 745 757 832 gignantur“.
802 747 897 812 llaec
917 767 978 811 nos
995 746 1184 813 ducatnnr-

111 851 202 915 rullo
234 847 277 911 ad
309 846 538 912 conditionem
577 851 898 931 grammaticorum,
938 867 1005 930 qna
1044 854 1079 912 et
1111 851 1186 931 ipsa

111 951 243 1014 factam
282 955 352 1029 est,
393 953 431 1012 nt
460 947 558 1016 haud·
586 949 688 1015 facile
717 955 851 1035 possent
879 949 962 1016 haec
994 951 1188 1034 principum

116 1051 301 1134 crepundia
334 1051 494 1118 abiicere.
556 1051 696 1116 Scilicet
735 1073 831 1140 reges
864 1073 909 1115 ex
938 1073 1004 1136 quo
1036 1050 1184 1130 Museis,

111 1152 343 1232 mercedibus,
366 1149 551 1218 honoribus
573 1155 684 1218 studia
706 1162 739 1218 ct
760 1154 911 1220 eruditos
932 1153 1091 1218 fovebant
1112 1171 1186 1216 sus-

111 1255 366 1337 tentabantque,
402 1253 494 1320 baud
522 1262 669 1341 raroet,
691 1257 810 1322 doctos
840 1265 876 1322 et
903 1255 1088 1321 doctrinam
1119 1254 1185 1318 sibi

17 1407 19 1410 .
114 1355 333 1420 delectationi
354 1364 459 1440 atque
481 1359 581 1422 etiam
603 1357 750 1422 ludibrio
771 1377 846 1423 esse
870 1359 1059 1432 uoluerunt.
1096 1356 1185 1439 ‘Ipsi

112 1458 325 1542 Ptolemaei,
357 1460 548 1524 litterarum
569 1460 681 1522 studio
703 1466 877 1544 tantopere
899 1463 950 1524 illi
972 1459 1119 1538 laudati,
1142 1459 1184 1522 ab
1266 1493 1268 1500 ,

115 1559 181 1624 lino
221 1579 313 1626 noxa
353 1561 608 1644 haudquaquam
649 1571 829 1626 vacat-unt:
869 1564 961 1626 velut
994 1561 1185 1632 Diodorum

116 1661 266 1726 Cunnum.
289 1663 503 1726 dialecticum
525 1669 558 1724 et
580 1661 748 1726 Sosibium
775 1661 1028 1747 grammaticum
1050 1657 1104 1724 lris
1127 1661 1200 1724 de,

113 1763 199 1828 risui
229 1762 339 1828 luisse
372 1785 416 1828 ex
451 1763 547 1846 [liog.
583 1763 635 1829 La
666 1765 712 1840 11,
743 1771 816 1854 lll,
839 1765 965 1838 Athen.
988 1765 1048 1839 XI·
1067 1784 1099 1847 p.
1122 1763 1184 1828 493

114 1869 346 1949 cognovimus.
396 1865 524 1928 Postea
554 1885 629 1928 curn
661 1865 804 1930 Romam
833 1868 1017 1950 migrarent
1045 1863 1184 1950 plurimi

115 1974 220 2051 atque
255 1962 416 2042 nobilium
448 1966 741 2068 Romanorumpin
771 1969 924 2034 domibus
955 1975 1183 2048 versarentur,
1242 1991 1245 2005 „

115 2089 180 2152 pro
203 2080 280 2155 rege
302 2089 367 2134 uno
389 2069 503 2134 multis
525 2069 657 2152 regibus
679 2071 742 2146 (sic
764 2074 910 2135 enimse
932 2070 1000 2134 dici
1014 2069 1185 2146 volebant)
1247 2099 1250 2103 ·

114 2173 328 2254 serviebant,
358 2177 391 2237 et
416 2192 516 2256 saepe
536 2191 578 2236 ne
600 2176 689 2238 uatis
711 2159 865 2260 quidem,
896 2174 955 2242 sed
976 2173 1094 2252 sactis,
1122 2171 1183 2236 sed

116 2275 295 2340 servitutis
318 2295 383 2357 qua
404 2281 608 2342 emerserant
628 2274 992 2359 maculis⁸conspersis

180 2479 207 2560 §.
230 2483 260 2544 5.
306 2477 411 2552 Satis,
451 2486 551 2562 pulo,
590 2500 781 2544 caussarum
802 2471 1028 2564 collegimus,
1061 2479 1181 2562 quibus

119 2582 388 2672 quaestiunculae
417 2581 502 2644 istae
532 2583 639 2648 cultae
661 2579 911 2665 celebrataeque
934 2583 1011 2644 sint.
1054 2579 1182 2669 Itoma-

118 2702 235 2745 norum
265 2683 403 2746 florente
420 2669 570 2766 ‘imperio
593 2687 772 2768 praecipue
794 2683 942 2766 uiguisse
964 2681 1047 2746 satis
1068 2701 1110 2744 ex
1131 2688 1181 2746 te·

115 2785 300 2858 elimoniis,
330 2786 449 2866 quibus
477 2788 529 2850 usi
558 2807 688 2866 surnns,
703 2795 705 2800 ’
720 2788 873 2868 apparet·
915 2784 960 2845 Et
982 2783 1080 2866 plane
1100 2782 1181 2846 huic

119 2886 171 2948 rei
193 2891 459 2968 consentancum,
482 2889 571 2971 quod
589 2879 831 2972 ,imperatorum
852 2885 1078 2949 Romanorum
1098 2891 1182 2948 tenr-¹

118 2987 255 3072 poribus
281 2985 346 3050 huo
378 2990 473 3072 quasi
495 2989 656 3054 'summum
678 2989 949 3071 et'praecipuum
969 2987 1180 3070 grammatici
1232 3041 1243 3064 ,

120 3107 237 3152 munus
265 3091 465 3171 postulatum
493 3098 594 3174 atque
623 3087 846 3172 efflagitatum
874 3109 946 3154 esse
979 3093 1178 3171 invenimus,

121 3195 160 3256 ut
186 3207 315 3272 „omnes
339 3197 537 3276 puueuioaes
557 3185 658 3274 possit
678 3189 880 3257 dissoluere“.
924 3191 982 3256 Sic
1004 3192 1178 3258 Tiberium
1206 3272 1210 3279 .

30 3369 34 3378 ,
121 3299 155 3361 et
182 3294 267 3358 alios
295 3294 514 3390 imperatores
547 3296 710 3360 eiusmodi
741 3294 949 3378 problemata
980 3295 1025 3359 iis
1056 3315 1179 3377 propo·

120 3395 227 3460 suisse
255 3395 413 3480 legimus,
441 3417 507 3460 non
534 3389 629 3482 icoo,
659 3403 815 3481 quantum
844 3397 1103 3460 exauctoribus
1126 3397 1178 3459 in-

120 3497 274 3582 telligere
294 3498 386 3579 licet,
409 3497 469 3563 sed
490 3502 590 3567 serio.
640 3499 817 3564 Suetonius
838 3497 880 3564 de
901 3498 1033 3562 Tiberii
1056 3495 1208 3570 studiis*

120 3617 260 3666 narrans
285 3600 329 3680 (c.
351 3600 418 3680 70).
461 3599 633 3682 „Maxime
654 3608 781 3682 tamen,
815 3602 940 3685 inquit,
963 3600 1094 3663 curavit
1115 3619 1178 3661 no-

120 3701 231 3766 titiam
257 3701 421 3768 historiae
449 3703 609 3768 sabularis
641 3723 753 3787 usque
767 3703 810 3766 ad
831 3703 975 3786 ineptias
997 3707 1098 3784 atque
1120 3699 1178 3762 de-

119 3803 233 3868 risum.
286 3803 374 3870 Nam
388 3841 392 3849 ·
407 3810 440 3870 et
466 3805 721 3887 grammaticos,
753 3805 843 3890 quod
872 3823 975 3890 genus
1007 3801 1177 3865 hominum

72 3897 77 3910 ’
119 3907 316 3992 praecipue,
338 3913 375 3972 ut
396 3906 560 3990 diximus,
581 3911 773 3991 appetebat,
797 3907 960 3973 eiusmodi
981 3903 1055 3970 sere
1075 3922 1178 3988 qnae·¹

119 4008 283 4074 rtiuuibus
305 4008 557 4094 experiebature
609 4007 704 4088 Quae
724 4014 833 4076 mater
853 4009 1029 4078 Hecubae:
1074 4004 1175 4084 Quod
