2824 4756
232 315 298 390 286

235 473 394 578 epomena
414 501 508 568 esse,
530 481 738 571 respondebo
764 479 914 552 sortasse
933 503 1006 552 eam
1026 485 1137 572 ipsam
1159 488 1204 555 ob
1229 509 1316 556 can-

234 613 316 674 sam,
339 612 382 657 ne
404 609 480 655 cum
500 588 673 673 gentilicio
695 593 869 669 consonet,
890 607 985 653 usum
1006 586 1216 675 loquendiin
1233 613 1315 659 voc.

230 688 423 782 Ἀθήναιος
450 691 551 764 etiam
579 695 714 775 praeter
735 691 942 775 reliquorum
964 693 1154 777 analogiam
1176 695 1223 758 ad
1245 697 1315 768 tri-

235 798 442 884 syllaborum
462 791 716 859 similitudinem
737 812 812 858 sese
834 787 1113 860 accommodasse.
1118 835 1133 846 κ
1158 793 1224 859 Sin
1238 794 1309 860 hoc

235 919 368 983 quoque
388 896 574 977 reiicietur,
594 895 722 961 factum
741 899 901 979 tenemus,
924 915 1059 962 causam
1079 897 1263 962 noscimus
1281 903 1316 977 *)

236 1001 393 1066 Ceterum
422 1018 497 1061 cnm
529 998 671 1080 reliquis
693 1017 794 1082 supra
819 991 984 1100 Θετταλός
1003 999 1116 1082 posui,
1148 1003 1256 1086 atque
1277 1009 1315 1066 ut

236 1087 363 1170 nullum
397 1099 486 1186 apud
517 1099 752 1183 grammaticos
783 1069 960 1184 vestigium
1002 1106 1055 1164 est
1087 1101 1155 1166 hoc
1188 1125 1314 1168 nornen
1380 1127 1381 1134 ¹

236 1203 482 1290 transposuisse
511 1204 684 1266 accentum
715 1201 768 1266 sic
795 1200 857 1264 viri
885 1202 986 1268 semel
1009 1203 1218 1268 etiterum
1209 1227 1248 1270 ιιι
1272 1207 1314 1270 li·

236 1310 309 1374 bris
340 1303 456 1370 inveni
492 1298 673 1378 Θέτταλος,
702 1322 901 1388 quamquam
930 1304 1089 1390 frequens
1117 1313 1186 1390 est,
1220 1329 1251 1372 e.
1273 1329 1306 1392 g.

236 1407 397 1473 Herculis
418 1394 510 1486 lilin's
531 1405 580 1480 (v.·
599 1402 699 1468 Hom.
722 1404 946 1488 11.B,679),
968 1407 1114 1488 Iasonis,
1137 1445 1180 1458 -
1197 1407 1312 1472 Cimo-

238 1512 306 1592 nis,
326 1509 515 1588 Pisistrati,
537 1505 768 1596 Hippocratis,
790 1529 858 1571 non
874 1507 1039 1592 ignobilis
1054 1509 1190 1574 histrio.
1214 1511 1308 1595 Ergo
1381 1527 1382 1612 p

238 1614 275 1677 in
308 1612 374 1677 hoc
403 1611 537 1676 nomine
565 1611 646 1685 (non
673 1609 755 1675 licet
780 1629 869 1674 nunc
897 1610 997 1675 aliter
1022 1611 1189 1690 iudicare)
1218 1613 1308 1676 idem

239 1715 375 1780 sactum'
400 1711 490 1797 quod
523 1713 738 1792 cognovimus
770 1712 806 1775 in
832 1705 967 1788 Δαναός
994 1706 1122 1800 Δανάη.
1174 1715 1306 1780 Etenim

190 1829 193 1834 '
240 1818 283 1882 de
313 1815 471 1886 muliebri
502 1815 637 1880 homine
663 1819 807 1879 constat.
856 1812 971 1879 Schol.
997 1813 1088 1880 Nub.
1115 1817 1180 1881 747
1210 1813 1306 1883 τὸδὲ

245 1912 424 2002 Θεταάλην.
439 1909 597 1984 Ἀττικοὶ
625 1909 823 2004 βαρύνονσιν
855 1909 888 1980 ol
918 1912 1002 1982 κατὰ
1033 1913 1231 2005 Μένανδρον
1266 1911 1308 1994 ὡς

242 2012 403 2106 δαμάλην.
455 2015 573 2100 Steph.
602 2015 691 2101 Byz.
721 2037 748 2082 s.
776 2011 943 2082 Θεσσαλία
964 2013 1003 2081 τὸ
1024 2011 1178 2106 ’Θετιάλη
1201 2019 1307 2106 δρᾶμα

241 2114 441 2206 Μενάνδρου
461 2110 638 2204 βαρυνεται
659 2115 752 2204 παρὰ
770 2112 995 2196 'Aesernia'
966 2141 1014 2196 εις
1033 2113 1183 2206 ἰδιότητα
1204 2119 1305 2187 τεθέν

242 2224 395 2288 Ammon.
428 2221 502 2283 117
523 2209 647 2307 ἔδελφε
680 2220 759 2305 γοῦν
790 2217 923 2303 λέγουσι
949 2217 1007 2306 τὴν
1034 2214 1167 2314 πρώνην
1197 2216 1305 2302 osmo-

242 2324 372 2399 ναῦννες
393 2313 438 2397 ὡς
459 2310 599 2397 coelebs,
623 2315 722 2408 φασίν
743 2312 762 2385 ὁ
787 2314 938 2408 Τρύφων,
960 2320 1250 2417 παρατιθέμενος
1252 2328 1306 2388 ob-
1378 2345 1381 2396 ς

244 2419 373 2514 λη’μονα
394 2419 451 2489 τὸν
471 2417 636 2500 Αἰξωνέα,
659 2447 715 2488 και
705 2416 942 2510 Θιεττάληντ
918 2447 963 2504 ως
975 2419 1168 2513 Μυρτάλην.
1191 2425 1304 2507 Recte,

159 2555 162 2560 ·
245 2529 377 2615 opinor,
402 2523 646 2613 synecdromen
669 2524 812 2589 indicat:
842 2544 1042 2634 quamquam
1062 2516 1180 2592 baec'
1169 2549 1207 2591 ιιι
1226 2549 1305 2593 mas-

164 2647 169 2658 ·
248 2632 363 2696 culino
385 2649 518 2715 qnoque
539 2628 744 2713 pelliciebat,
766 2631 798 2692 si
819 2625 966 2692 sermoni
988 2631 1085 2714 sequi
1102 2630 1306 2706 libuissetbr.

245 2756 278 2820 g.
301 2728 470 2807 Πίτααλος
490 2728 636 2796 Acheru.
660 2731 753 2795 1⁰45.
770 2731 864 2794 loss.
877 2729 984 2814 Vesp.
1002 2730 1111 2812 14⁷2).
1155 2731 1306 2797 Ceterum

247 2837 278 2900 si
300 2834 433 2919 quando
455 2833 610 2897 meliores
632 2831 715 2895 Mss
737 2831 1047 2898 tractabuntur'vel
1068 2835 1205 2917 melius,
1228 2834 1307 2898 diiu-

248 2937 436 3016 dicabitur,
469 2935 602 3000 idemne
630 2932 794 3000 acciderit
821 2935 857 2997 in
877 2925 1011 3011 Λυδός,
1041 2935 1132 3020 quod
1151 2957 1306 3022 nusquam

248 3031 350 3102 aliter
371 3022 544 3118 scribitur,
566 3041 603 3103 et
623 3028 732 3120 Λυδή,
755 3035 846 3120 quod
866 3033 957 3100 haud
978 3038 1079 3101 semel
1095 3030 1195 3124 Λῦδη
1211 3039 1308 3122 scrip·

247 3145 319 3207 tum
341 3125 528 3217 inveni**):
550 3157 749 3222 quamquam
770 3139 926 3203 meliores
947 3138 1029 3202 illuc
1049 3139 1223 3204 inclinant.

208 3260 212 3270 Α
312 3273 472 3341 Nondum
499 3273 580 3337 licet
607 3274 649 3339 ab
669 3271 724 3336 his
745 3274 912 3356 propriis,
940 3275 1061 3356 quibus
1083 3275 1158 3337 'cum
1178 3253 1308 3338 urbibus

247 3383 286 3444 et
312 3377 467 3464 gentibus
495 3376 649 3460 cognatio
673 3378 746 3454 est,
771 3373 958 3466 discedere.
1007 3375 1146 3440 Etenim
1166 3376 1308 3442 conside·

88 3662 92 3675 '
213 3665 218 3672 “
276 3633 330 3732 Ὗ)
348 3660 550 3736 ΔιιὙμέναιος
565 3664 621 3718 boc
635 3663 700 3717 loco
716 3660 922 3720 commemorari
942 3621 1031 3729 possit
1047 3663 1093 3717 vel
1107 3658 1308 3736 debentneseio

306 3802 348 3864 ‘u‘
363 3799 492 3855 urnoorr.
510 3799 577 3858 nn.
593 3801 653 3856 ser.
670 3802 699 3852 a·
721 3793 810 3865 Λυδή.
855 3769 924 3876 ue'n
942 3775 1090 3854 nernems'
1107 3797 1201 3860 Schol.
1226 3797 1259 3853 u.
1282 3801 1309 3862 z,

254 3887 316 3942 200.
350 3885 419 3940 cod.
445 3882 542 3938 Photii
562 3883 619 3938 les.
638 3899 660 3936 s.
679 3879 819 3954 ὀργεῶνες.
853 3883 947 3946 Schol.
965 3885 1058 3953 Apoll.
1078 3886 1134 3940 Rb.
1152 3879 1210 3940 Sed
1224 3881 1311 3960 Pboui

255 3967 325 4026 bibl.
343 3969 458 4034 (Belrk.)
473 3964 569 4036 Λύδην
586 3976 615 4030 ‚et
631 3967 754 4036 Amnon,
772 3968 865 4026 Sobel.
882 3969 974 4026 Dion,
987 3969 1113 4038 Patren,
1129 3968 1172 4040 nl,
1316 3997 1319 4006 ν
