2806 4756
1080 397 1146 466 367

74 575 298 644 declarant
331 574 447 640 libri.
491 569 635 651 Quintil.
666 566 700 653 1,
722 567 799 655 71)»
821 569 863 636 89
882 566 998 636 Bur-ru.
1043 564 1154 644 -Quid

74 673 165 767 quod
208 678 388 744 Ciceronis
429 677 635 759 temporibus
681 673 881 758 paulumque
930 670 1024 736 infra
1069 671 1148 736 ¹fere
1200 682 1215 690 ·
1242 683 1255 754 j

73 786 206 868 quoties
228 798 245 853 s
266 783 380 846 littera
400 777 513 846 media
532 777 701 843 vocalium
721 777 896 859 longarum
917 775 971 839 vel
996 774 1151 838 subiecta

73 886 184 970 longis
212 889 301 950 esset
327 877 579 965 geminabatur!
600 885 638 942 ut
659 898 816 954 caussae,
839 877 965 958 cassus,
989 875 1147 942 dlvissin-

73 1009 143 1066 nes,
166 971 332 1074 quomodo
350 989 388 1052 ,et
408 982 518 1066 ipsum
536 981 739 1068 'Ciceronem
762 988 795 1046 et
813 979 999 1064 Virgilium
1013 989 1148 1064 quoque

13 1165 15 1173 Ι
74 1089 253 1173 scripsisse
279 1105 425 1151 manus
452 1099 602 1148 eor-um·
623 1083 790 1148 docent.
840 1081 893 1145 Id.
923 1083 969 1148 ibt
992 1102 1025 1166 p,
1048 1083 1090 1146 90
1111 1087 1149 1146 at

74 1198 224 1277 veterum
239 1222 243 1233 ·
257 1189 463 1260 comicorum
491 1185 602 1250 adhuc
634 1185 744 1249 libris
761 1185 898 1250 invenio
929 1183 1006 1250 heri
1028 1185 1072 1250 ad
1093 1201 1151 1248 me

73 1294 166 1360 venit
196 1294 279 1368 (sc.
292 1310 359 1354 non
392 1289 500 1366 here).
555 1289 642 1354 Item
675 1288 821 1370 Augusti
854 1287 1008 1372 epistolis
1038 1295 1149 1371 „quas

64 1418 132 1470 sua
157 1414 256 1458 manu
284 1395 422 1475 scripsit
451 1396 508 1454 aut
529 1385 748 1454 emendavit“
770 1383 836 1454 et
827 1409 862 1451 m
885 1387 1024 1454 CatonIs
1047 1391 1150 1454 autu

78 1496 214 1596 graphis
235 1496 356 1560 nititur
378 1494 426 1569 (ib
446 1495 490 1573 *).
504 1523 540 1540 -
559 1491 647 1556 Geli.
661 1490 689 1570 I,
702 1492 731 1555 7.
755 1491 1148 1558 inorauonecmeroms

73 1603 192 1684 quinta
223 1599 259 1660 in
292 1594 480 1660 Verrem
471 1615 507 1656 un
538 1594 626 1656 libro
655 1597 827 1676 spectatae
855 1591 937 1654 fidei
960 1580 1151 1660 Tironiana

74 1722 156 1767 cura
189 1705 290 1782 atque
322 1695 502 1780 disciplina
535 1693 652 1760 sacto
648 1695 709 1760 ita
735 1695 897 1777 scriptum
919 1693 995 1757 fuit.
1023 1689 1147 1777 XIII,

73 1807 115 1870 20
136 1802 320 1874 Manifesto
345 1805 485 1883 peccatu
498 1817 572 1860 non
590 1802 747 1881 peccato,
787 1795 865 1858 Hoc
880 1796 966 1859 euim
981 1799 1147 1880 scriptum

73 1908 109 1970 in
136 1925 202 1970 uuo
230 1909 329 1988 atque
360 1905 396 1966 in
425 1902 532 1964 altero
555 1899 809 1983 antiquissimae
830 1897 912 1964 fidei
933 1899 1021 1962 libro
1043 1898 1147 1962 Tiro·
1204 1925 1208 1948 ε

72 2009 172 2072 niano
202 2007 346 2089 repperi.
396 2004 428 2083 I,
456 2005 496 2066 ‘Il
526 2000 658 2066 Versus
684 2001 771 2068 istos
799 2023 844 2068 ex
864 2001 1044 2086 Georgicis
1065 1999 1147 2066 Vim
1181 1996 1184 2001 ’

71 2109 147 2194 gilii
169 2108 324 2192 plerique
346 2124 461 2168 omnes
482 2104 533 2171 sic
554 2103 668 2186 legunt

148 2211 208 2275 ut
229 2229 331 2293 sapor
352 2207 513 2270 indicium
535 2205 641 2270 faciet
662 2205 864 2290 manifestus
883 2212 917 2274 et
936 2225 998 2270 cra
1042 2250 1045 2260 Α

157 2311 291 2377 Tristia
312 2315 498 2393 tentantum
521 2328 621 2373 sensu
642 2310 815 2394 torquebit
836 2329 961 2374 umaro,
1035 2330 1038 2338 ·

70 2413 230 2500 Hyginus
258 2417 382 2489 autem,
399 2415 478 2475 'non
506 2409 623 2474 hercle
644 2411 803 2494 ignobilis
824 2399 1080 2495 grammaticus,
1109 2413 1146 2477 in

72 2519 341 2597 commentariis,
374 2532 459 2597 quae
490 2513 744 2596 in·Virgilium
774 2512 881 2596 fecit,-
914 2512 1147 2580 confirmat-et

71 2625 265 2702 perseuerat
285 2638 351 2682 non
371 2617 440 2690 hoc
459 2635 480 2680 a
500 2613 653 2698 VIrgilio
674 2615 845 2690 relictum,
874 2616 936 2680 sed
957 2614 1048 2701 quod
1071 2619 1147 2700 ipse'

73 2720 242 2785 invenerit
270 2721 306 2784 In
332 2719 438 2798 libro,
471 2718 530 2800 qui
557 2716 665 2781 fuerit
690 2738 734 2781 ex
761 2715 859 2780 domo
881 2722 981 2804 atque
1013 2717 1147 2786 familia

71 2820 225 2904 Virgilii,
244 2855 287 2869 -
302 2823 451 2886 'amaron
473 2819 523 2899 ΙΙ,
545 2821 577 2886 3.
620 2817 689 2887 Sed
710 2820 867 2904 quoniam
889 2819 990 2884 aheni
1012 2840 1144 2906 quoque
1166 2814 1169 2822 ’

60 2921 227 3007 exemplo
256 2922 309 2986 usi
339 2942 452 2988 sumus
479 2922 574 2987 uenit
602 2921 704 2988 nobis
727 2922 767 2984 iu·
784 2923 998 3005 memoriam,
1020 2923 1143 3004 Fidum

70 3026 255 3109 Optatam,¹
279 3024 375 3088 multi
405 3024 550 3089 nominis
578 3023 707 3090 Romae
727 3026 998 3106 grammaticum,
1011 3063 1014 3069 -
1028 3032 1144 3090 osten·

54 3127 162 3192 disse
186 3121 277 3206 'mihi'
303 3125 425 3214 librum
449 3127 620 3192 Aeneidos
648 3127 1026 3192 secundummiraudne
1045 3133 1146 3194 vetu-

8 3309 9 3312 ¹
67 3231 185 3302 statis,
218 3232 341 3294 emtum
374 3227 410 3294 iu
439 3227 623 3310 Sigillariis
650 3227 726 3294 XX
753 3228 886 3310 aureis,
914 3250 1011 3312 quem
1034 3231 1145 3314 ipsius
1177 3263 1179 3266 ·

67 3331 214 3416 Virgilii
240 3331 348 3396 inisse
375 3330 548 3396 credebat·
577 3331 613 3396 in
633 3351 709 3415 quo
730 3329 797 3395 duo
819 3331 878 3396 isti
899 3351 1017 3397 versus
1039 3349 1141 3417 quum

68 3436 121 3498 ita
140 3423 260 3515 scripti
280 3432 394 3496 forent
489 3476 493 3488 .

46 3521 50 3526 ’
109 3523 370 3610 Vestibulum
392 3536 501 3600 ante
491 3555 600 3619 rpsum
614 3533 789 3620 primoque
800 3516 836 3600 in
851 3536 966 3602 limine
980 3536 1140 3622 Pyrrhus

152 3635 312 3702 Exsultat
331 3636 410 3701 teIIs
431 3643 467 3701 et
486 3637 563 3704 lnce
585 3657 746 3704 coruscus
762 3657 852 3704 aena

68 3789 107 3816 ..ῃ
121 3801 127 3818 ¹
133 3791 148 3816 5¹·
159 3779 162 3787 '
200 3791 208 3800 π
396 3793 406 3808 ,ι

119 3867 204 3954 >ct
230 3885 303 3947 une.
327 3871 820 3966 hist.²ntr.XII1,‘t't';postqira'm
844 3879 1067 3949 commemorarit
1081 3883 1144 3952 Τί-

66 3972 142 4028 berii
160 3973 277 4042 celique
294 3975 492 4034 Gracchorium
511 3991 605 4030 manus
622 3992 653 4030 se
671 3975 773 4032 uidisse
788 3977 879 4032 addil·
897 3979 969 4044 „iem
980 3987 1048 4035 ueto
1057 3980 1138 4035 (lice

66 4056 151 4122 rurus¹
164 4067 193 4126 et
207 4057 278 4125 Divi
292 4058 409 4131 Augusti
427 4061 597 4132 VIrgiIiique
611 4057 810 4160 saepenumero
827 4017 982 4156 videiuun“
1047 4075 1054 4083 ··
