2876 4746
243 305 287 374 58

242 482 296 542 cte
328 478 463 562 quidem
496 481 664 554 mortuum
694 469 862 544 hominem
896 470 1004 566 ξηρόν,
1038 467 1146 556 adoa-
1162 476 1314 546 σκελετόι

243 581 312 645 dici
333 582 484 665 potuisse
507 581 694 644 contendo:
716 581 840 672 quippe
863 586 968 653 otest
1001 587 1040 646 et
1073 577 1217 646 oculis
1252 586 1314 648 ita

242 683 561 764 esse-cernitur
592 682 640 744 ab
673 683 882 746 omnibus:
921 684 980 748 sed
1010 685 1112 747 udum
1144 682 1314 749 hominem

241 787 368 850 nullum
402 804 476 848 esse
505 784 571 850 nial
604 785 663 866 qui
692 783 794 848 sudat
819 784 873 849 vel
904 785 1081 848 elavacro
1104 787 1232 869 prodiit
1259 789 1313 853 vel

241 891 358 973 pluvia
385 885 499 948 madet
527 886 579 948 rel
611 887 711 948 etiam
736 919 772 932 -
796 885 857 952 sed
884 877 966 969 quid
995 889 1098 953 multa
1126 889 1249 972 colligo
1278 892 1314 952 in

244 1013 280 1054 re
301 985 441 1072 apertat
485 986 554 1050 Hic
575 988 663 1050 enim
686 987 800 1051 valere
821 988 940 1070 debet,
971 990 1061 1072 quod
1083 991 1117 1052 in
1139 991 1313 1056 simillima

243 1112 345 1156 causa
368 1089 557 1212 prudenter
586 1089 802 1154 observatum
830 1095 882 1154 est
909 1111 930 1154 a
951 1092 1168 1174 grammatico
1197 1091 1241 1155 ad
1273 1095 1313 1156 et,

238 1197 319 1260 252:
343 1187 472 1258 αἰετοῦ·
472 1188 614 1276 με’λαμιις
640 1191 699 1256 τοῦ
720 1192 919 1282 θηρητῆρος
946 1185 1199 1313 Ἀριστοτέλης
1210 1191 1313 1276 μελα-

239 1291 357 1361 vincon
380 1285 604 1379 ἀναγινώσκει,
637 1292 697 1357 τοῦ
724 1283 896 1374 μέλοιτ’
880 1293 962 1358 aare
993 1287 1138 1374 ἔχοντες·
1172 1287 1316 1379 (lyncei

224 1395 285 1468 ,δὲ
318 1391 371 1472 ὡς
402 1388 450 1462 οὗ
484 1387 596 1460 δεῖ
577 1391 658 1460 αιτδ
692 1395 771 1458 τῶν
803 1363 973 1480 epium
1004 1399 1233 1486 ποιεῖσθαι
1264 1394 1313 1460 τὰ

241 1494 433 1572 amiliaco.

303 1598 551 1683 Denique'lroc
580 1601 679 1662 etiam
709 1599 839 1684 aliquid
861 1603 1018 1664 momenti
1040 1598 1325 1690 habehitpquodl

239 1705 296 1788 qui
319 1703 433 1794 aliqpo
456 1703 569 1786 poesis
597 1723 697 1766 sensu
718 1704 838 1766 imbuti
861 1687 1171 1787 essemidfqno'rl
1188 1702 1315 1765 Home-

202 1823 205 1835 ·
238 1827 312 1870 rum
336 1805 518 1870 admisisse.
532 1806 662 1886 volunt,
685 1825 854 1888 nunquam
875 1806 1001 1869 imitati
1024 1813 1111 1870 sunt.
1155 1805 1315 1868 Fortasse

239 1911 349 1972 minus
370 1909 436 1970 huc
458 1909 585 1970 attinet
611 1907 780 1986 advocare
809 1914 925 1990 poetas
948 1909 1096 1988 Atticos,
1126 1913 1162 1971 ut
1184 1907 1316 1970 Aristo-

228 2010 380 2093 phanem
413 1997 531 2087 (cuius
563 2004 692 2092 διεροὺς
728 2001 869 2082 οἰωνούς,
892 2007 981 2072 Nub.
1008 2013 1081 2083 336,
1104 2005 1199 2095 διερδι
1231 2006 1315 2094 μέλη

239 2099 302 2174 λι.
325 2113 390 2172 212
421 2110 488 2171 iam
511 2107 737 2172 Schneiderus
760 2115 794 2173 et
816 2107 1000 2174 Passorins
1023 2117 1056 2173 et
1079 2130 1316 2175 commemora-

239 2217 361 2276 rerunt
383 2216 416 2272 et
439 2209 688 2300 explicuerunt)
712 2193 764 2274 uel
788 2208 1018 2296 Aeschylum,
1041 2210 1130 2294 apud
1159 2232 1256 2294 quem
1287 2216 1317 2277 si

238 2307 332 2380 r'eete
354 2313 478 2396 legitur
499 2313 534 2374 in
556 2311 697 2380 Eumen.
719 2313 783 2384 258
810 2301 893 2393 αἷμα
924 2313 1119 2399 μητρῷον..
1145 2309 1183 2376 τὸ
1208 2311 1317 2402 διερδι

237 2417 331 2500 πέδῳ
367 2409 540 2494 κεχυμένον
569 2407 706 2492 οἴχεται,
743 2413 829 2477 nihil
861 2415 1046 2498 significari
1064 2420 1191 2500 ¹potest
1218 2437 1317 2502 qnam

238 2513 352 2607 oppda.
419 2515 487 2580 Sed
513 2517 580 2598 ipsi
606 2516 810 2599 posteriores
838 2518 945 2601 epici,
976 2517 1222 2582 admirabilium
1245 2519 1316 2580 Ho-

223 2624 323 2690 ·.meri
348 2615 551 2703 captatores,
575 2619 729 2703 poeticae
752 2617 936 2700 elegantiae
960 2640 1026 2682 non
1045 2619 1315 2683 fastidiosissimi

240 2725 510 2804 existimatum,
541 2720 630 2783 hanc
658 2727 768 2782 tamen
797 2719 1092 2794 translationem
1077 2741 1144 2784 non
1173 2721 1317 2785 admise·
1334 2793 1337 2800 ,

238 2836 327 2892 ι·.ιιιιι
385 2825 495 2890 Tenet
525 2823 615 2907 apud
644 2821 890 2905 Apollonium,
913 2823 1155 2904 Theocritum,
1190 2823 1318 2908 Oppia-

239 2951 344 3020 num,
352 2907 520 3006 Nonnum,
544 2926 859 3010 epigrammatarios
881 2946 950 2988 vox
973 2925 1021 2989 δι
1011 2919 1082 3011 ρός
1104 2927 1242 3000 (norunt
1264 2925 1314 2988 illi

237 3034 340 3092 etiam
363 3031 501 3091 uerbum
525 3023 676 3109 διαίνειι)
699 3027 796 3092 uvidi
814 3027 1007 3112 madidique
1024 3025 1315 3110 significationem,

237 3149 323 3216 quae
359 3149 403 3194 ex
432 3131 539 3211 epicis
568 3131 712 3212 primum
742 3137 883 3214 apparet
911 3129 1001 3214 apud
1030 3125 1216 3195 Hesiodum
1247 3128 1314 3214 Op.

237 3219 312 3301 d58
344 3216 436 3312 largo
458 3231 489 3292 si
512 3229 617 3290 solam
640 3238 829 3314 spectamus
851 3232 1007 3298 vocabuli
1023 3232 1313 3336 significationem,

240 3333 326 3396 haec
354 3351 420 3394 non
450 3330 616 3410 obstaret,
660 3353 727 3415 qno
757 3335 866 3400 minus
896 3357 918 3410 ι,
941 3337 982 3401 43
1017 3333 1117 3419 διεριμ
1145 3328 1248 3413 ποδί,
1279 3341 1316 3398 ut

236 3433 388 3500 nonnulli
417 3432 612 3513 voluerunt,
642 3434 941 3517 interpretaremur
963 3433 1114 3516 „navi“,
1146 3436 1214 3500 nisi
1235 3435 1318 3520 hoc,

236 3546 275 3603 ut
316 3535 504 3601 rectissime
543 3536 585 3598 ab
624 3535 804 3599 Eustathio
837 3540 1019 3620 monitum,
1061 3523 1317 3623 διδιιραμβιῦδες

237 3647 346 3716 esset3
375 3631 526 3722 reliquae
555 3657 638 3701 vero
668 3623 964 3728 interpretationes
993 3639 1104 3701 eidem
1133 3641 1318 3706 Eustatlrio

139 3817 142 3824 Ι
227 3731 534 3826 ἐοιιιιιιειιιοιειεε,
566 3746 603 3802 ut
633 3737 733 3826 διερῷ
765 3738 847 3806 ποδὶ
888 3735 1021 3828 φεύγειν
1060 3740 1108 3806 sit
1147 3731 1317 3825 „madido

236 3846 322 3932 pede
344 3841 487 3926 sugere“
509 3841 563 3904 vel
587 3842 696 3925 „pede
720 3859 893 3933 permane
916 3837 1079 3925 fugere“‚
1114 3856 1232 3932 aperte
1257 3846 1307 3908 in-

238 3955 344 4042 eptae.
400 3945 559 4029 Denique
592 3943 635 4010 ad
667 3944 808 4014 alterum
841 3949 970 4028 locum,
1004 3968 1100 4032 quern
1136 3948 1316 4038 principio
